2622 3908
723 257 865 316 [ΑΒ.
890 259 961 316 11.
1008 261 1172 319 cAP.
1195 271 1459 324 52—54.
1503 272 1553 331 s.
1577 258 1908 331 21‘0—219.
2228 272 2349 334 109

275 400 617 477 -gnitionem
647 402 898 480 iudicis,
930 411 1042 469 sed
1071 410 1280 486 magis·
1297 417 1816 489 perturbationem
1844 421 2126 496 requirit,
2163 440 2341 498 quam

278 487 584 561 consequi
609 487 728 547 nisi
751 491 939 550 multa
962 500 1023 552 et
1049 494 1220 554 varia
1242 506 1303 558 et
1324 497 1581 573 copiosa
1606 502 1878 564 oratione
1903 514 1963 566 et
1983 504 2162 566 simili
2199 523 2342 567 con-

281 567 551 637 tentione
574 570 835 632 actionis
856 591 1034 638 nemo
1058 587 1279 652 potest.
1313 579 1455 643 215.
1483 583 1680 656 Quare
1704 585 1809 660 qui
1831 597 1934 649 aut
1956 589 2220 651 breviter
2242 601 2343 652 aut

282 651 611 714 summisse
648 655 885 728 dicunt,
929 658 1154 721 docere
1188 662 1453 724 iudicem
1484 679 1775 742 possunt,
1809 687 2195 734 commovere
2218 692 2338 734 non

279 745 575 809 possunt3
606 736 666 797 in
685 756 808 812 quo
825 752 967 804 sunt
980 744 1201 804 omnia.
1236 748 1360 806 Iam
1376 749 1524 809 illud
1540 752 1934 828 perspicuum
1948 764 2059 829 est,
2075 757 2342 818 omnium

277 833 483 879 rerum
517 819 580 879 in
619 823 955 886 contrarias
999 838 1207 902 partes
1240 832 1584 894 facultatem
1620 853 1699 895 ex
1721 836 1939 897 iisdem
1963 840 2339 915 suppeditari

278 900 454 963 locis.
488 902 614 963 Sed
627 917 983 979 argumento
998 911 1408 975 resistendum
1423 925 1518 977 est
1530 928 1632 979 aut
1649 918 1744 991 iis,
1763 936 1922 994 quac
1936 925 2337 999 comproban-

277 983 339 1043 di
368 984 502 1046 eius
525 1002 715 1048 causa
733 1002 1068 1068 sumuntur,
1083 999 1608 1071 reprehendendis
1625 1014 1729 1063 aut
1741 1005 2219 1066 demonstrando
2255 1006 2335 1080 id,

215 1113 223 1119 .
278 1070 449 1142 quod
486 1073 856 1135 concludere
890 1075 976 1135 illi
1010 1079 1223 1154 velint,
1257 1099 1381 1142 non
1414 1083 1576 1144 effici
1598 1103 1675 1146 ex
1699 1087 2033 1162 propositis
2056 1105 2169 1149 nec
2194 1107 2335 1151 esse

279 1166 693 1247 consequens,
732 1165 853 1230 aut,
888 1158 940 1219 si
976 1159 1059 1222 ita
1089 1180 1211 1223 non
1245 1167 1511 1240 refellas,
1543 1171 1942 1231 adferendum
1974 1182 2069 1233 cst
2103 1173 2164 1232 in
2190 1189 2326 1233 con-

277 1243 521 1295 tramam
559 1248 822 1314 partem,
857 1245 1026 1317 quod
1061 1245 1140 1307 sit
1168 1259 1272 1308 aut
1302 1251 1550 1324 gravius
1581 1264 1686 1313 aut
1711 1270 1909 1329 aeque
1933 1272 2139 1330 grave.
2191 1257 2328 1318 216.

274 1317 384 1413 Illa
412 1329 643 1394 autem,
692 1341 850 1399 quae
891 1338 995 1388 aut
1029 1331 1473 1394 conciliationis
1503 1352 1693 1397 causa
1725 1337 1939 1398 leniter
1963 1349 2065 1401 aut
2094 1358 2329 1416 permo-

276 1401 458 1463 tionis
506 1406 900 1469 vehementer
941 1422 1231 1490 aguntur,
1277 1418 1596 1480 contrariis
1629 1423 2145 1485 commotionibus
2171 1427 2325 1485 aufe·

273 1486 466 1546 reuda
482 1498 642 1561 sunt,
667 1500 732 1551 ut
754 1493 896 1552 odio
922 1495 1369 1573 benevolentia,
1396 1500 1816 1566 misericordia
1829 1505 2058 1568 invidia
2071 1510 2315 1570 tollatur

438 1571 591 1632 LIV.
639 1574 860 1636 Suavis
891 1588 1092 1640 autem
1126 1591 1223 1643 est
1250 1592 1311 1645 et
1342 1586 1733 1648 veliementer
1756 1607 1944 1666 saepe
1967 1591 2131 1654 utilis
2157 1591 2330 1653 iocus

271 1662 330 1712 et
367 1654 654 1727 facetiae;
694 1676 885 1733 quae,
919 1662 1155 1725 etiamsi
1184 1669 1302 1726 alia
1333 1670 1535 1729 omnia
1566 1672 1720 1732 tradi
1742 1691 1871 1735 arte
1895 1695 2186 1750 possunt,
2226 1695 2328 1736 na·

271 1742 440 1797 turae
485 1749 625 1800 sunt
666 1743 916 1818 propria
958 1758 1121 1809 certe
1153 1765 1358 1813 necue
1390 1753 1576 1812 ullam
1603 1773 1793 1815 artem
1830 1757 2199 1820 desiderant.
2261 1762 2326 1818 ln

273 1819 496 1894 quibus
543 1833 609 1884 tu
648 1826 830 1893 lonae
863 1829 997 1890 aliis
1027 1844 1164 1891 mea
1198 1833 1530 1898 sententia.
1574 1837 1828 1902 Caesar.
1875 1842 2153 1903 excellis:
2207 1859 2328 1902 ouo

263 1906 456 1981 magis
502 1906 647 1968 mihi
689 1906 872 1968 etiarn
914 1918 1019 1970 aut
1061 1911 1239 1972 testis
1288 1927 1434 1972 esse
1474 1922 1658 1988 potes
1702 1917 1927 1974 nullam
1965 1930 2109 1975 esse
2149 1928 2335 1976 artem

176 2010 182 2015 ·
264 1990 432 2070 salis.
458 2000 593 2064 aut,
641 1991 693 2052 si
725 2009 848 2067 qua
879 2002 1006 2066 est,
1052 2011 1185 2054 eam
1217 2003 1284 2054 tu
1311 1994 1699 2071 potissimum
1730 2013 1847 2057 nos
1879 1999 2128 2058 docere.
2192 1999 2337 2059 217.
2384 2062 2394 2071 ,

263 2074 395 2149 Ego
450 2092 633 2148 vero,
678 2074 907 2150 inquit,
945 2077 1110 2138 omni
1163 2079 1242 2138 de
1280 2095 1351 2138 re
1392 2079 1652 2156 facetius
1695 2088 1846 2156 puto
1890 2096 2085 2154 posse
2120 2082 2195 2141 ab
2236 2083 2339 2143 ho-

211 2231 216 2234 .
262 2158 424 2218 mine
465 2175 591 2219 non
635 2158 968 2232 inurbano,
1023 2179 1208 2236 quam
1250 2164 1330 2223 de
1370 2162 1523 2238 ipsis
1567 2164 1802 2225 facetiis
1844 2163 2164 2241 disputari.
2228 2169 2338 2227 Ita·

265 2258 387 2316 que
437 2260 626 2317 quum
680 2245 984 2317 quosdam
1032 2248 1305 2307 Graecos
1356 2246 1691 2323 inscriptos
1734 2248 1922 2311 libros
1967 2265 2109 2310 esse
2159 2250 2317 2311 vidis

260 2341 394 2386 sem
445 2327 524 2386 de
575 2325 880 2400 ridiculiS,
934 2333 1291 2391 nonnullam
1345 2331 1403 2391 in
1458 2349 1631 2406 spem
1675 2350 1969 2394 veneram
2010 2350 2204 2409 posse
2245 2352 2340 2394 me

261 2424 339 2468 ex
385 2409 460 2470 iis
501 2409 733 2485 aliquid
775 2411 1047 2474 discere:
1091 2414 1300 2474 inveni
1348 2425 1552 2476 autem
1597 2417 1854 2478 ridicula
1897 2427 1957 2478 et
1997 2420 2163 2478 salsa
2194 2422 2338 2479 mul-

260 2500 323 2553 ta
356 2495 766 2568 Graecorum;
809 2512 950 2554 nam
982 2505 1044 2556 et
1075 2497 1262 2558 Siculi
1302 2499 1365 2558 in
1409 2515 1485 2559 eo
1519 2517 1747 2574 genere
1790 2509 1850 2562 et
1876 2502 2101 2563 Rhodii
2132 2511 2191 2562 et
2220 2505 2332 2578 By-

260 2577 441 2639 zantii
478 2585 539 2637 et
569 2584 815 2654 praeter
846 2589 1131 2641 caeteros
1162 2581 1349 2641 Attici
1383 2586 1723 2658 excellunt;
1776 2586 1887 2645 sed
1922 2587 2025 2660 qui
2069 2586 2202 2647 eius
2251 2587 2339 2648 rei

258 2661 561 2721 rationem
608 2663 934 2738 quamdam
978 2663 1182 2724 conati
1227 2674 1373 2724 sunt
1420 2674 1738 2742 artemque
1772 2670 2048 2738 tradere,
2105 2669 2196 2729 sic
2254 2671 2340 2731 in-

260 2744 412 2804 sulsi
457 2746 853 2821 exstiterunt,
897 2756 966 2806 ut
1002 2748 1147 2810 nihil
1198 2749 1362 2809 aliud
1415 2767 1625 2810 eorum
1665 2750 1782 2810 nisi
1832 2750 1969 2824 ipsa
2021 2750 2338 2813 insulsitas
2434 2763 2457 2770 “

261 2830 553 2890 rideatur.
626 2828 771 2889 218.
814 2832 1014 2905 Quare
1044 2832 1189 2893 mihi
1221 2833 1468 2908 quidem
1515 2836 1680 2895 nullo
1713 2835 1900 2895 modo
1942 2835 2188 2895 videtur
2229 2838 2334 2897 do-

260 2912 456 2972 ctrina
494 2911 612 2973 ista
652 2929 755 2973 res
808 2930 1002 2989 posse
1033 2917 1211 2977 tradi.
1267 2916 1505 2977 Etenim
1550 2936 1736 2993 quum
1780 2920 1903 2980 duo
1945 2936 2176 2995 genera
2217 2920 2338 2981 sint

265 2995 658 3068 facetiarum,
700 2999 960 3057 alterum
997 3000 1402 3074 aequabiliter
1455 3000 1516 3061 in
1567 3002 1732 3063 omni
1778 3020 2065 3065 sermone
2115 3006 2336 3076 fusum,

260 3082 518 3139 alterurn
549 3084 909 3155 peracutum
956 3090 1016 3143 et
1045 3084 1262 3156 breve,
1294 3085 1398 3145 illa
1426 3102 1463 3144 a
1492 3087 1806 3148 veteribus
1839 3089 2127 3164 superior
2156 3088 2336 3148 cavil-

259 3165 438 3235 latio,
484 3164 638 3225 haec
684 3168 879 3225 altera
919 3166 1212 3228 dicacitas
1253 3169 1566 3230 nominata
1600 3181 1712 3231 est.
1774 3174 1942 3232 Leve
1983 3188 2206 3231 nomen
2235 3172 2337 3231 ha-

259 3248 363 3307 bet
404 3254 666 3323 utraque
711 3252 844 3310 res!
901 3251 1132 3327 quippe
1147 3272 1163 3325 ;
1205 3253 1346 3312 leve
1387 3254 1546 3314 enim
1597 3264 1693 3315 est
1735 3263 1930 3316 totum
1976 3255 2096 3315 hoc
2149 3273 2339 3316 risum

258 3347 532 3391 movere.
591 3331 735 3393 219.
787 3336 1257 3408 Verumtamen,
1315 3345 1383 3396 ut
1427 3337 1611 3411 dicis,
1656 3339 1917 3411 Antoni,
1969 3341 2223 3400 multum
2277 3340 2333 3401 in

261 3415 467 3475 causis
511 3432 818 3493 persaepe
857 3422 1073 3493 lepore
1116 3426 1175 3480 et
1219 3420 1453 3480 facetiis
1496 3421 1715 3495 profici
1760 3421 1905 3483 vidi.
1973 3423 2099 3484 Sed
2151 3443 2333 3500 quum

262 3496 365 3558 illo
408 3498 470 3558 in
509 3516 741 3574 genere
770 3512 1111 3576 perpetuae
1142 3502 1490 3564 festivitatis
1521 3521 1622 3563 ars
1651 3522 1775 3566 non
1808 3507 2225 3570 desideretur=
2255 3544 2321 3555 -
