2622 3908
267 196 390 259 136
1030 198 1129 257 DE
1167 197 1530 257 ORATORE

265 348 496 410 idcirco
550 349 703 407 haec
744 358 805 407 et
849 358 1065 408 natura
1105 358 1166 408 et
1211 347 1462 409 utilitate
1506 358 1567 409 et
1609 349 1967 410 tractatione
2009 354 2343 417 coniuncta

268 441 425 492 sunt.
486 428 631 490 332.
679 429 894 490 Omnia
927 441 1127 492 autem
1165 431 1591 492 concludenda
1620 434 1979 508 plerumque
2006 438 2190 497 rebus
2223 456 2331 500 au-

265 513 481 590 gendis
536 516 630 573 vel
679 513 1113 575 inflammando
1169 514 1373 575 iudice
1430 516 1526 576 vel
1579 514 1944 590 mitigando;
2004 519 2332 595 omniaque

265 615 451 673 quum
499 596 923 672 superioribus
972 597 1265 659 orationis
1306 599 1461 659 locis
1492 606 1618 659 tum
1652 601 1913 660 maxime
1949 613 2217 664 extremo
2247 606 2331 665 ad

263 688 498 742 mentes
535 680 800 741 iudicum
840 700 1023 757 quam
1057 681 1319 742 maxime
1349 685 1801 755 permovendas
1831 693 1891 743 et
1911 686 1987 743 ad
2018 686 2328 748 utilitatem

265 774 536 826 nostram
572 769 883 826 vocandas
915 767 1289 826 conserenda
1326 783 1485 827 sunt.

431 848 574 909 333.
619 851 831 925 Neque
877 866 1025 909 sane
1065 850 1182 908 iam
1231 866 1423 910 causa
1457 850 1697 911 videtur
1728 867 1869 910 esse
1901 868 2008 912 cur
2042 870 2323 913 secerna-

262 952 397 994 mus
442 950 515 993 ea
563 943 922 1008 praecepta,
971 949 1129 1007 quae
1170 934 1248 992 de
1289 932 1686 995 suasionibus
1728 936 2020 995 tradenda
2052 946 2192 997 sunt
2222 947 2329 1001 aut

262 1016 733 1078 laudationibus.
815 1017 969 1077 Sunt
1009 1016 1170 1077 enim
1211 1020 1507 1092 pleraque
1551 1018 1925 1086 communia;
1968 1020 2080 1078 sed
2126 1028 2326 1081 tamen

263 1103 526 1162 suadere
572 1099 801 1175 aliquid
848 1108 951 1160 aut
995 1100 1358 1161 dissuadere
1399 1100 1800 1175 gravissimae
1836 1102 1981 1162 mihi
2016 1122 2328 1179 personae

265 1186 504 1245 videtur
536 1199 696 1242 esse.
777 1186 927 1243 Nam
951 1192 1011 1245 et
1033 1183 1330 1259 sapientis
1354 1194 1449 1244 est
1467 1183 1788 1245 consilium
1812 1185 2123 1260 explicare
2145 1205 2326 1247 suum

263 1271 341 1329 de
371 1267 649 1328 maximis
681 1270 867 1329 rebus
901 1276 961 1327 et
991 1267 1232 1329 honesti
1263 1276 1324 1328 et
1353 1267 1593 1337 diserti,
1641 1279 1708 1329 ut
1740 1279 1941 1329 mente
1977 1270 2319 1344 providere,

263 1351 619 1413 auctoritate
656 1353 915 1426 probare
933 1398 947 1423 ,
977 1351 1250 1412 oratione
1281 1353 1657 1427 persuadere
1681 1351 1911 1427 possis,

429 1436 711 1495 LXXXII.
757 1438 964 1509 Atque
992 1434 1144 1494 haec
1174 1434 1234 1494 in
1267 1444 1482 1496 senatu
1506 1435 1741 1496 minore
1764 1446 2063 1511 apparatu
2086 1437 2328 1510 agenda

262 1528 435 1585 sunt3
474 1517 725 1592 sapiens
757 1517 918 1577 enim
950 1527 1046 1577 est
1079 1517 1401 1578 consilium
1432 1521 1757 1593 multisque
1789 1519 1925 1580 aliis
1958 1518 2200 1579 dicendi
2229 1537 2327 1579 re-

262 1601 631 1676 linquendus
668 1602 876 1672 locus;
923 1600 1169 1661 vitanda
1196 1601 1377 1661 etiam
1411 1602 1637 1677 ingenii
1666 1603 2087 1664 ostentationis
2120 1603 2329 1679 suspi-

263 1688 377 1747 cio.
440 1682 583 1746 334.
630 1683 842 1746 Contio
887 1684 1049 1759 capit
1091 1701 1331 1745 omnem
1365 1687 1488 1745 vim
1532 1685 1824 1747 orationis
1871 1696 1932 1748 et
1964 1686 2328 1761 gravitatem

262 1770 739 1843 varietatemque
783 1768 1111 1829 desiderat.
1174 1769 1334 1844 Ergo
1378 1768 1436 1828 in
1479 1771 1797 1831 suadendo
1839 1769 1985 1830 nihil
2028 1779 2124 1830 est
2152 1780 2327 1846 opta-

260 1854 441 1915 bilius
494 1869 672 1927 quam
718 1851 1000 1927 dignitas.
1077 1854 1227 1912 Nam
1273 1854 1375 1927 qui
1421 1852 1733 1914 utilitatem
1765 1862 1965 1929 putat,
2009 1871 2133 1914 non
2176 1855 2327 1929 quid

260 1937 520 1999 maxime
553 1937 696 1998 velit
725 1953 976 2012 suasor,
1020 1938 1131 1998 sed
1169 1936 1316 2012 quid
1350 1936 1651 1999 interdum
1685 1935 1881 2013 magis
1913 1944 2207 2013 sequatur
2237 1938 2331 1998 vi·

261 2026 380 2084 det.
438 2024 627 2082 Nemo
665 2031 760 2082 est
795 2021 983 2094 enim,
1019 2021 1380 2096 praesertim
1416 2020 1474 2080 in
1509 2030 1627 2082 tam
1657 2023 1821 2082 clara
1854 2020 2128 2095 civitate,
2176 2021 2325 2097 quin

264 2116 431 2185 putet
458 2107 862 2181 expetendam
896 2104 1158 2164 maxime
1188 2105 1568 2180 dignitatem3
1603 2106 1712 2165 sed
1738 2104 1926 2166 vincit
1948 2104 2177 2165 utilitas
2198 2107 2323 2180 ple-

260 2207 550 2264 rumque,
599 2206 785 2265 quum
834 2192 1047 2248 subest
1089 2189 1189 2247 ille
1235 2188 1414 2249 timor
1448 2205 1521 2248 ea
1553 2191 1829 2264 neglecta
1864 2206 1939 2248 ne
1972 2187 2328 2261 dignitatem

267 2274 511 2350 quidem
558 2287 747 2347 posse
792 2271 1054 2332 retineri.
1120 2269 1260 2332 335.
1311 2272 1738 2333 Controversia
1779 2282 1980 2332 autem
2023 2271 2178 2331 inter
2217 2273 2330 2333 ho-

262 2359 487 2418 minum
517 2355 849 2415 sententias
885 2365 989 2416 aut
1017 2364 1111 2415 est
1140 2355 1199 2414 in
1241 2355 1359 2430 illo,
1387 2364 1586 2416 utrum
1617 2354 1696 2416 sit
1724 2354 1962 2427 utilius;
1993 2364 2098 2415 aut
2125 2358 2327 2430 etiam,

263 2459 448 2517 quum
485 2439 545 2499 id
583 2437 898 2509 convenit,
945 2448 1233 2511 certatur,
1278 2448 1478 2499 utrum
1514 2439 1818 2500 honestati
1856 2438 2060 2514 potius
2095 2456 2170 2497 an
2211 2440 2324 2500 uti-

259 2525 408 2585 litati
457 2523 900 2582 consulendum
946 2521 1040 2582 sit.
1112 2523 1278 2595 Quae
1325 2523 1468 2598 quia
1508 2540 1781 2599 pugnare
1824 2523 1977 2583 inter
2020 2540 2089 2583 se
2133 2539 2325 2597 saepe

262 2608 572 2679 videntur,
622 2607 725 2680 qui
755 2605 1070 2666 utilitatem
1102 2606 1405 2679 defendit,
1455 2607 1830 2668 enumerabit
1864 2608 2186 2666 commoda
2219 2624 2323 2680 pa-

260 2691 379 2763 ciS‚
420 2708 635 2766 opum,
670 2692 1005 2765 potentiae,
1041 2689 1463 2765 vectigalium,
1486 2690 1775 2765 praesidii
1809 2689 2088 2758 militum,
2125 2700 2322 2750 caete-

258 2794 459 2838 rarum
503 2793 730 2846 rerum,
791 2792 1045 2850 quarum
1096 2775 1356 2834 fructum
1399 2773 1650 2834 utilitate
1694 2774 2001 2848 metimur,
2056 2777 2321 2849 itemque

258 2861 646 2923 incommoda
687 2860 1147 2919 contrariorum.
1216 2858 1328 2930 Qui
1376 2859 1456 2916 ad
1486 2857 1836 2931 dignitatem
1871 2857 2154 2933 impellit,
2199 2873 2321 2916 ma-

259 2946 453 3005 iorum
488 2944 799 3016 exempla,
846 2960 1006 3017 quae
1036 2952 1212 3002 erunt
1242 2944 1336 3000 vel
1375 2958 1512 3000 cum
1550 2941 1821 3015 periculo
1858 2940 2157 3016 gloriosa,
2198 2941 2322 3001 col—

257 3029 430 3105 liget,
468 3024 841 3100 posteritatis
874 3027 1269 3086 immortalem
1300 3023 1655 3085 memoriam
1686 3024 1960 3099 augebit3
2007 3024 2322 3085 utilitatem

255 3129 333 3172 ex
372 3112 552 3172 laude
582 3108 754 3169 nasci
797 3110 1086 3169 defendet
1118 3125 1486 3185 semperque
1517 3125 1651 3168 eam
1687 3125 1826 3169 cum
1856 3108 2150 3182 dignitate
2179 3123 2322 3168 esse

255 3199 662 3256 coniunctam.
719 3192 861 3254 336.
910 3193 1037 3253 Sed
1067 3191 1213 3266 quid
1245 3192 1377 3253 fieri
1409 3191 1609 3268 possit
1640 3200 1742 3253 aut
1775 3208 1899 3252 non
1922 3191 2125 3267 possit
2148 3191 2322 3267 quid·

265 3299 386 3355 que
432 3279 612 3340 etiam
661 3278 741 3338 sit
788 3290 1050 3335 necesse
1093 3281 1197 3334 aut
1238 3291 1365 3333 non
1409 3273 1518 3345 sit,
1559 3272 1618 3332 in
1653 3279 1918 3347 utraque
1952 3288 2021 3331 re
2065 3270 2326 3334 maxime

260 3375 354 3424 est
393 3362 832 3438 quaerendum.
913 3356 1205 3418 Inciditur
1246 3357 1407 3416 enim
1451 3355 1647 3417 omnis
1690 3353 2083 3428 deliberatio,
2142 3354 2195 3414 si
2238 3354 2324 3415 in·

262 3445 549 3517 telligitur
589 3460 710 3503 non
752 3457 945 3516 posse
988 3439 1118 3499 fieri
1160 3447 1265 3499 aut
1308 3440 1361 3500 si
1401 3439 1745 3499 necessitas
1791 3439 2096 3508 adfertur3
2134 3437 2322 3505 etqui
