2622 3908
271 229 354 295 70
1048 227 1150 288 DE
1194 226 1558 288 ORATORE

271 380 420 458 quid
450 389 618 456 grate
634 426 650 455 ,
682 377 831 455 quid
861 377 1200 440 humaniter
1214 425 1229 451 ,
1264 379 1413 454 quid
1443 376 1709 454 denique
1732 394 1872 439 cum
1891 375 2098 452 aliqua
2121 375 2340 436 virtute

271 473 376 526 aut
406 463 619 525 fecerit
644 472 751 524 aut
777 461 996 524 tulerit.
1066 463 1233 522 Haec
1268 471 1331 524 et
1361 478 1521 537 quae
1552 469 1695 523 sunt
1722 460 1856 522 eius
1886 458 2131 536 generis
2162 458 2340 520 facile

269 547 529 620 videbit,
578 546 684 623 qui
705 549 866 610 volet
897 544 1181 614 laudare,
1225 550 1288 603 et
1317 542 1423 618 qui
1462 542 2156 621 vituperare‚contraria.
2237 539 2332 604 47.

272 633 391 692 Cur
416 629 599 707 igitur
628 629 872 691 dubitas
889 675 905 703 ,
936 627 1133 704 inquit
1162 628 1412 690 Catulus
1428 674 1444 702 ,
1474 630 1680 690 facere
1709 630 1829 690 hoc
1859 626 2096 690 tertium
2123 643 2340 703 genus,

272 713 561 792 quoniam
601 715 761 775 inest
801 711 863 773 in
905 712 1143 774 ratione
1170 719 1417 773 rerum?
1469 713 1604 773 Non
1633 711 1828 785 enim,
1874 710 1927 773 si
1955 720 2054 772 est
2082 709 2344 784 faciliuS,

271 799 346 860 eo
378 800 458 859 de
491 814 744 859 numero
776 813 1026 872 quoque
1056 804 1154 856 εει
1180 796 1656 870 excerpendum.
1728 795 1880 870 Quia
1907 796 2081 867 nolo,
2129 792 2344 870 inquit,

271 882 508 958 omnia,
539 897 699 956 quae
729 881 956 941 cadunt
980 878 1315 954 aliquando
1346 878 1407 939 in
1440 887 1775 954 oratorem,
1810 877 2090 955 quamvis
2118 876 2344 954 exigua

273 966 422 1039 sint,
466 981 542 1025 ea
584 966 676 1026 sic
703 973 996 1035 tractare,
1044 961 1223 1038 quasi
1262 961 1412 1022 nihil
1454 962 1657 1039 possit
1684 962 1804 1023 dici
1833 961 1967 1022 sine
1993 961 2342 1038 praeceptis

272 1048 422 1111 suis.
479 1047 581 1111 48.
624 1050 778 1109 Nam
815 1055 877 1109 et
917 1045 1331 1109 testimonium
1376 1062 1564 1121 saepe
1596 1045 1923 1107 dicendum
1962 1053 2059 1106 est
2085 1062 2160 1105 ac
2193 1061 2342 1106 non·

271 1149 604 1209 numquam
627 1132 806 1190 etiam
828 1129 1196 1203 accuratius,
1219 1138 1289 1191 ut
1309 1128 1454 1190 mihi
1477 1131 1657 1192 etiam
1685 1147 1950 1192 necesse
1974 1131 2088 1192 fuit
2108 1130 2170 1191 in
2198 1128 2343 1190 Sex.

269 1214 520 1290 Titium,
578 1214 940 1277 seditiosum
984 1213 1180 1275 civem
1222 1224 1286 1276 et
1327 1215 1767 1285 turbulentum
1812 1214 2119 1289 explicavi
2161 1211 2222 1273 in
2269 1229 2346 1274 eo

271 1298 621 1361 testimonio
666 1298 929 1360 dicendo
974 1298 1177 1359 omnia
1220 1298 1483 1360 consilia
1520 1299 1878 1360 consulatus
1921 1295 2072 1371 mei,
2120 1295 2345 1372 quibus

269 1382 356 1444 illi
384 1382 626 1444 tribuno
657 1380 859 1458 plebis
887 1398 1001 1456 pro
1031 1398 1098 1441 re
1129 1381 1376 1457 publica
1402 1381 1796 1452 restitissem,
1846 1397 2131 1456 quaeque
2159 1380 2238 1440 ab
2268 1395 2344 1441 eo

272 1475 487 1527 contra
514 1483 644 1527 rem
674 1463 981 1540 publicam
1014 1467 1173 1525 facta
1199 1465 1552 1537 arbitrarer,
1601 1466 1895 1542 exposui:
1939 1463 2046 1525 diu
2072 1472 2347 1525 retentus

272 1566 434 1622 sum,
472 1551 660 1609 multa
683 1546 923 1622 audivi,
953 1550 1138 1610 multa
1155 1549 1468 1624 respondi.
1512 1550 1670 1610 Num
1691 1547 1875 1625 igitur
1894 1550 2125 1625 placet,
2157 1565 2345 1623 quum

272 1634 351 1694 de
381 1631 733 1709 eloquentia
761 1630 1141 1707 praecipias,
1171 1631 1405 1706 aliquid
1434 1633 1613 1693 etiam
1643 1634 1722 1693 de
1751 1631 2115 1694 testimoniis
2139 1631 2344 1693 dicen-

271 1715 370 1777 dis
417 1716 596 1792 quasi
637 1714 700 1776 in
734 1725 865 1777 arte
897 1716 1181 1776 tradere?
1263 1716 1390 1776 XII.
1449 1715 1552 1777 49.
1595 1716 1751 1777 Nihil
1780 1732 1962 1790 sane,
2007 1715 2206 1792 inquit
2236 1716 2342 1775 Ca-

270 1803 466 1875 tuluS,
510 1814 773 1861 necesse
800 1808 914 1861 est.
988 1801 1140 1875 Quid
1174 1800 1258 1874 si,
1304 1801 1473 1875 quod
1498 1817 1690 1877 saepe
1723 1799 1978 1862 summis
2008 1799 2155 1860 viris
2184 1797 2344 1860 acci·

275 1884 393 1960 dit,
437 1884 723 1946 mandata
765 1882 888 1946 sint
928 1885 1332 1961 exponenda,
1376 1892 1482 1946 aut
1520 1884 1582 1946 in
1627 1893 1844 1947 senatu
1871 1886 1949 1945 ab
1977 1882 2348 1962 imperatore

273 1978 379 2031 aut
405 1970 486 2029 ad
515 1968 945 2046 imperatorem
973 1979 1078 2032 aut
1106 1970 1187 2030 ad
1214 1986 1419 2047 regem
1448 1979 1554 2031 aut
1580 1971 1661 2031 ad
1686 1970 1983 2047 populum
2010 1968 2280 2045 aliquem
2308 1986 2345 2029 a

274 2061 521 2127 senatu,
572 2071 715 2116 num
762 2053 906 2129 quia
949 2070 1176 2130 genere
1210 2050 1506 2111 orationis
1544 2049 1603 2110 in
1662 2052 1964 2114 eiusmodi
2006 2053 2213 2114 causis
2242 2069 2345 2113 ac-

273 2137 576 2199 curatiore
598 2147 694 2199 est
715 2138 1035 2210 utendum,
1073 2136 1302 2198 idcirco
1342 2139 1523 2199 etiam
1546 2155 1691 2215 pars
1711 2138 1865 2199 haec
1889 2154 2211 2199 causarum
2233 2154 2344 2197 nu-

275 2222 567 2281 meranda
596 2220 838 2281 videtur
858 2230 962 2282 aut
983 2220 1250 2296 propriis
1273 2223 1624 2297 praeceptis
1651 2221 2052 2283 instruenda?
2100 2220 2346 2281 Minime

272 2320 438 2375 vero,
470 2302 665 2378 inquit
695 2304 963 2365 Catulus.
1004 2306 1138 2364 Non
1170 2304 1330 2365 enim
1367 2304 1561 2366 deerit
1586 2304 1815 2366 homini
1845 2307 2073 2367 diserto
2098 2304 2159 2365 iu
2183 2304 2344 2366 eius-

271 2386 439 2447 modi
483 2387 670 2448 rebus
715 2388 974 2449 facultas
1019 2404 1098 2448 ex
1133 2387 1394 2449 caeteris
1425 2389 1613 2449 rebus
1644 2399 1704 2450 et
1734 2389 1940 2450 causis
1972 2397 2345 2465 comparata.

271 2470 371 2532 50.
401 2471 562 2546 Ergo
594 2470 753 2545 item,
784 2470 998 2547 inquit,
1030 2470 1151 2547 illa,
1184 2489 1342 2548 quae
1377 2489 1568 2548 saepe
1598 2473 1825 2535 diserte
1851 2473 2090 2548 agenda
2119 2480 2261 2535 sunt
2288 2482 2350 2535 et

273 2570 433 2629 quae
456 2571 571 2629 ego
595 2556 803 2630 paullo
828 2564 1002 2630 ante,
1033 2572 1221 2629 quum
1245 2555 1658 2632 eloquentiam
1679 2559 2025 2630 laudarem,
2054 2555 2182 2617 dixi
2209 2574 2346 2617 ora-

268 2635 423 2708 toris
466 2655 641 2712 esse,
698 2654 902 2715 neque
953 2639 1181 2701 habent
1223 2658 1402 2702 suum
1445 2643 1648 2703 locum
1692 2643 1880 2702 ullum
1923 2638 1984 2701 in
2041 2640 2349 2702 divisione

272 2719 533 2799 partium
578 2739 780 2798 neque
823 2732 1056 2785 certum
1098 2732 1574 2801 praeceptorum
1615 2742 1812 2801 genus
1842 2732 1905 2785 et
1933 2724 2177 2799 agenda
2205 2732 2349 2787 sunt

273 2821 399 2866 non
428 2803 631 2869 :ninus
662 2805 919 2882 diserte,
966 2825 1150 2884 quam
1194 2825 1355 2884 quae
1396 2806 1459 2868 in
1487 2809 1592 2870 lite
1623 2807 1936 2882 dicuntur,
1979 2805 2323 2883 obiurgatio

271 2888 640 2962 cohortatio,
685 2890 1060 2963 consolati03
1111 2909 1373 2967 quorum
1398 2890 1549 2952 nihil
1577 2902 1704 2966 est,
1748 2892 1916 2968 quod
1954 2909 2079 2953 non
2110 2908 2347 2952 summa

273 2971 519 3033 dicendi
551 2982 906 3035 ornamenta
935 2974 1276 3046 desideret;
1321 2976 1434 3035 sed
1463 2991 1544 3035 ex
1572 2974 1829 3038 artificio
1858 2993 1961 3037 res
1991 2974 2146 3037 istae
2166 2991 2340 3051 prae·

271 3065 451 3131 cepta
480 3074 602 3118 non
636 3065 956 3132 quaerunt.
1014 3059 1228 3140 Plane,
1259 3057 1459 3135 inquit
1487 3059 1767 3135 Catulus,
1797 3058 2132 3121 adsentior.

439 3139 540 3203 51.
582 3142 718 3216 Age
752 3157 918 3216 vero,
947 3140 1146 3218 inquit
1171 3141 1498 3217 AntoniuS,
1530 3143 1732 3219 qualis
1762 3142 2025 3206 oratoris
2049 3151 2111 3204 et
2131 3141 2343 3219 quaml

268 3223 531 3286 hominis
574 3223 636 3285 in
682 3223 945 3285 dicendo
990 3235 1171 3301 putas
1207 3244 1352 3289 esse
1389 3225 1706 3288 historiam
1751 3226 2070 3288 scribere?
2136 3224 2232 3298 Si,
2278 3233 2345 3288 ut

268 3307 484 3369 Graeci
524 3307 933 3384 scripserunt,
967 3309 1215 3386 summi,
1242 3310 1443 3386 inquit
1472 3310 1749 3382 Catulus;
1788 3309 1871 3384 si,
1901 3319 1968 3373 ut
1997 3309 2220 3383 nostri,
2252 3308 2345 3370 ni-

267 3388 349 3448 hil
390 3407 550 3465 opus
597 3400 693 3453 est
722 3400 997 3461 oratore;
1046 3391 1196 3454 satis
1240 3402 1488 3455 estnon
1520 3410 1665 3457 esse
1694 3396 2073 3456 mendacem.
2130 3393 2344 3470 Atqui,

267 3487 346 3530 ne
373 3481 622 3533 nostros
652 3482 1041 3543 contemnas,
1082 3474 1277 3548 inquit
1302 3476 1640 3553 AntoniuS,
1688 3478 1905 3540 Graeci
1936 3495 2190 3553 quoque
2217 3475 2343 3553 ipsi
