2622 3908
712 241 856 300 LlB.
881 241 951 298 11.
998 240 1161 298 CAP.
1191 247 1254 300 77
1271 271 1356 281 —-
1368 245 1454 300 79.
1498 244 1550 303 §-
1577 246 1907 298 312—322.
2215 235 2332 296 133

275 401 349 449 et..
380 390 627 466 reliquis
653 388 883 449 viribus
907 386 1038 447 suis
1062 389 1401 447 consulant.
1459 386 1601 448 317.
1630 388 1753 447 Nec
1774 396 1870 447 est
1891 385 2155 456 dubium,
2188 386 2332 459 quin

280 474 603 537 exordium
653 470 894 532 dicendi
935 471 1265 530 vehemens
1308 478 1367 529 et
1409 486 1658 544 pugnax
1689 486 1809 528 non
1841 485 2028 542 saepe
2059 485 2201 528 esse
2230 470 2332 526 de-

282 558 454 623 beat;
489 556 600 615 sed
634 554 687 615 si
718 554 775 613 in
807 554 944 629 ipso
976 552 1077 614 illo
1109 553 1466 628 gladiatorio
1497 552 1655 614 vitae
1685 551 2040 624 certamine,
2071 568 2194 625 quo
2221 552 2333 609 fer-

281 656 355 701 ro
387 638 751 709 decernitur,
782 648 979 698 tamen
1010 646 1149 698 ante
1178 652 1576 711 congressum
1609 637 1793 695 multa
1822 635 1988 705 fiunt,
2022 651 2180 708 quae
2211 650 2333 694 non

279 724 359 781 qd
407 723 661 791 vulnuS‚
708 720 820 780 sed
863 721 942 779 ad
986 720 1252 792 speciem
1293 720 1500 778 valere
1541 720 1889 777 videantur=
1949 723 2175 789 quanto
2218 717 2336 775 hoc.

286 803 479 878 magis
498 804 556 862 in
585 802 861 863 oratione
883 807 976 857 est
989 798 1481 872 spectandum,in
1509 815 1630 871 qua
1653 813 1773 854 non
1798 795 1894 855 vis
1919 796 2123 869 potius
2153 817 2330 871 quam

285 886 605 946 delectatio
655 884 1026 959 postulaturi
1099 881 1253 940 Nihil
1302 892 1397 941 est
1447 882 1712 957 denique
1762 881 1823 940 in
1875 889 2086 939 natura
2136 897 2335 939 rerum

288 968 571 1039 omnium,
600 968 763 1040 quod
789 983 862 1024 se
880 965 1230 1024 universum
1252 966 1580 1039 profundat
1601 963 2063 1039 et[quod]totum
2086 974 2336 1036 repente

282 1054 537 1113 evolvat.
588 1051 688 1109 Sic
719 1051 951 1121 omnia,
999 1063 1156 1122 quae
1212 1048 1365 1106 fiunt
1408 1064 1690 1122 quaeque
1732 1053 1990 1121 aguntur
2026 1043 2316 1103 acerrime

289 1131 615 1194 lenioribus
657 1130 971 1205 principiis
1021 1138 1234 1190 natura
1276 1129 1414 1204 ipsa
1444 1130 1799 1204 praetexuit.
1855 1127 1996 1189 318.
2035 1130 2201 1187 Haec
2231 1144 2334 1187 au-

289 1224 408 1274 tem
437 1213 495 1272 in
526 1215 787 1274 dicendo
819 1230 942 1272 non
973 1212 1355 1272 extrinsecus
1385 1211 1666 1273 alicunde
1699 1212 2078 1287 quaerenda,
2115 1211 2228 1295 sed
2258 1227 2335 1269 ex

289 1295 440 1372 ipsis
485 1296 822 1356 visceribus
864 1300 1089 1356 causae
1132 1296 1430 1355 sumenda
1473 1304 1631 1355 sunt.
1701 1294 1935 1354 Idcirco
1979 1302 2106 1354 tota
2148 1309 2333 1353 causa

289 1387 685 1455 pertemptata
730 1389 916 1453 atque
959 1387 1311 1453 perspecta,
1360 1377 1514 1437 locis
1550 1378 1830 1438 omnibus
1861 1375 2121 1436 inventis
2153 1386 2335 1450 atque

287 1459 591 1520 instructis
617 1463 1127 1521 considerandum
1151 1471 1247 1521 est
1270 1477 1392 1534 quo
1419 1460 1717 1535 principio
1744 1460 1822 1520 sit
1842 1461 2150 1520 utendum.
2192 1459 2333 1520 319.

288 1542 391 1602 Sic
433 1555 492 1604 et
537 1544 712 1603 facile
754 1543 1118 1618 reperietur:
1164 1554 1433 1604 sumetur
1475 1545 1636 1604 enim
1678 1560 1754 1603 ex
1800 1542 1875 1602 iis
1921 1544 2136 1615 rebuS,
2180 1559 2336 1616 quae

286 1634 463 1685 erunt
505 1625 842 1686 uberrimae
884 1629 982 1686 vel
1013 1627 1072 1685 in
1104 1625 1472 1700 argumentis
1509 1630 1605 1687 vel
1636 1625 1695 1685 in
1725 1627 2030 1701 partibuS,
2073 1627 2151 1685 ad
2184 1639 2337 1700 quas

286 1707 415 1766 dixi
446 1708 695 1784 degredi
727 1726 917 1784 saepe
942 1718 1256 1784 oportere;
1291 1712 1372 1770 ita
1397 1718 1458 1769 et
1480 1710 1765 1769 momenti
1791 1707 2019 1783 aliquid
2042 1709 2336 1782 adferent,

289 1809 475 1864 quum
505 1801 680 1851 erunt
709 1808 906 1866 paene
933 1808 1009 1850 ex
1045 1792 1250 1852 infima
1279 1791 1639 1851 defensione
1669 1793 2101 1864 depromptae,
2142 1800 2201 1850 et
2228 1808 2335 1865 ap-

289 1874 523 1948 parebit
566 1892 672 1934 eas
703 1892 824 1936 non
855 1876 1038 1934 modo
1070 1891 1190 1934 non
1222 1888 1363 1933 esse
1394 1889 1747 1933 communes
1780 1889 1893 1932 nec
1923 1872 1983 1931 in
2014 1871 2165 1931 alias
2195 1889 2318 1932 cau·

289 1974 396 2017 821⁸
438 1974 624 2030 Posse
670 1957 1008 2024 transferri,
1078 1962 1190 2021 sed
1245 1960 1487 2035 penitus
1543 1973 1618 2016 ex
1654 1973 1727 2015 ea
1757 1973 1977 2026 causa,
2022 1973 2182 2029 quae
2213 1965 2335 2017 tum

287 2048 525 2112 agatur,
567 2040 929 2099 effloruisse.

455 2122 707 2181 LXXIX.
762 2122 906 2183 520.
962 2122 1151 2181 Omne
1206 2131 1408 2182 autem
1452 2120 1814 2196 principium
1856 2131 1960 2181 aut
1998 2120 2086 2180 rei
2131 2119 2334 2195 totius,

287 2222 450 2280 quae
493 2215 728 2279 agetur,
777 2204 1279 2279 significationem
1322 2204 1547 2264 habere
1592 2204 1837 2263 debebit
1870 2213 1973 2264 aut
2002 2203 2229 2264 aditum
2258 2205 2335 2263 ad

283 2303 535 2350 causam
579 2297 640 2347 et
681 2287 1211 2348 communitionem
1245 2298 1349 2348 aut
1378 2289 1684 2363 quoddam
1715 2296 2130 2347 ornamentum
2160 2297 2219 2348 et
2249 2287 2336 2347 di-

283 2369 590 2444 gnitatern.
650 2371 774 2430 Sed
819 2380 1087 2445 oportet,
1130 2380 1197 2432 ut
1238 2370 1493 2431 aedibus
1538 2388 1610 2431 ac
1653 2370 1894 2445 templis
1936 2370 2240 2431 vestibula
2276 2380 2338 2431 et

284 2451 519 2525 adituS,
564 2454 653 2513 sic
694 2453 898 2513 causis
928 2452 1224 2528 principia
1254 2471 1365 2527 pro
1397 2454 1676 2528 portione
1705 2472 1905 2514 rerum
1937 2471 2335 2529 praeponere.

288 2536 500 2609 ltaque
533 2535 590 2594 in
641 2535 847 2610 parvis
890 2545 1073 2611 atque
1118 2535 1601 2609 Infrequentibus
1632 2536 1837 2597 causis
1873 2537 1948 2596 ab
1979 2536 2114 2613 ipsa
2142 2554 2208 2595 re
2243 2546 2338 2598 est

284 2616 551 2678 exordiri
597 2636 786 2693 saepe
830 2619 1229 2679 commodius.
1305 2617 1448 2678 321.
1495 2618 1618 2678 Sed
1663 2636 1849 2693 quum
1892 2619 2005 2679 erit
2048 2622 2334 2680 utendum

286 2699 584 2775 principio
605 2747 619 2771 ,
660 2703 825 2775 quod
855 2703 1215 2776 plerumque
1244 2700 1385 2772 erit,
1423 2711 1526 2761 aut
1554 2718 1632 2761 ex
1665 2718 1772 2761 reo
1800 2710 1904 2761 aut
1933 2718 2010 2761 ex
2046 2704 2333 2762 adversa-

285 2782 378 2842 rio
412 2792 516 2843 aut
544 2800 621 2841 ex
649 2801 716 2842 re
744 2793 849 2844 aut
875 2802 952 2844 ex
987 2784 1109 2857 eis,
1150 2785 1315 2859 apud
1343 2801 1503 2857 quos
1532 2793 1774 2858 agetur,
1816 2784 2151 2844 sententias
2194 2783 2335 2845 duci

281 2864 505 2928 iicebit.
567 2867 655 2924 Ex
686 2883 823 2941 reo,
872 2902 940 2910 —
988 2883 1130 2927 reos
1166 2868 1443 2941 appell0,
1488 2884 1745 2942 quorum
1781 2885 1882 2928 res
1911 2875 2007 2927 est
2052 2902 2124 2911 —
2176 2885 2334 2942 quae

285 2948 623 3021 significent
647 2952 870 3010 bonum
906 2951 1127 3020 virum,
1155 2966 1315 3024 quae
1344 2949 1671 3024 liberalem,
1711 2968 1867 3024 quae
1897 2951 2331 3024 calamitosum,

284 3046 446 3104 quae
488 3030 906 3092 misericordia
944 3032 1220 3106 dignum,
1268 3049 1425 3106 quae
1464 3036 1705 3095 valeant
1733 3043 1943 3095 contra
1975 3037 2187 3095 falsam
2220 3034 2332 3094 cri-

282 3111 700 3173 minationem=
745 3131 824 3175 ex
866 3115 1219 3175 adversario
1264 3114 1480 3176 iisdem
1525 3135 1604 3177 ex
1649 3117 1800 3179 iocis
1846 3119 1968 3178 fere
2012 3117 2333 3177 contraria.

279 3192 424 3254 322.
462 3197 555 3254 Ex
598 3213 694 3267 re,
743 3196 795 3257 si
826 3197 1119 3273 crudeliS,
1163 3198 1216 3258 si
1248 3201 1542 3273 nefanda,
1586 3200 1638 3260 si
1683 3211 1920 3275 praeter
1965 3198 2332 3274 opinionem,

281 3277 336 3337 si
379 3277 706 3351 immerito,
754 3280 807 3341 si
854 3282 1105 3354 misera,
1153 3281 1207 3342 si
1246 3281 1511 3357 ingrata,
1552 3281 1606 3344 si
1636 3282 1912 3359 indigna,
1960 3283 2013 3342 si
2045 3300 2234 3355 nova,
2280 3283 2333 3344 si

279 3377 440 3435 quae
488 3362 724 3423 restitui
774 3363 1101 3439 sanarique
1146 3381 1268 3425 non
1327 3365 1556 3440 possit:
1623 3383 1702 3425 ex
1753 3366 1825 3426 iis
1882 3376 2113 3439 autem,
2167 3368 2334 3441 apud

280 3461 440 3517 quos
469 3455 712 3517 agetur,
741 3456 807 3507 ut
836 3449 1171 3508 benevolos
1203 3449 1486 3522 beneque
1517 3447 1932 3510 existimantes
1963 3449 2330 3510 efficiamus·
