2622 3908
269 219 350 281 28
1046 218 1147 276 DE
1200 217 1559 279 ORATORE:

265 370 419 447 pici,
451 368 658 430 divina
687 377 847 430 sunt.
908 367 1049 429 132.
1092 369 1223 442 Ego
1256 367 1416 428 enim
1448 367 1750 429 neminem
1782 384 1897 431 nec
1924 377 2095 430 motu
2118 385 2329 447 corpo—

265 453 350 514 ris
379 469 584 528 neque
613 453 754 528 ipso
782 452 992 513 habitu
1019 461 1206 527 atque
1237 453 1434 512 forma
1462 450 1760 527 aptiorem
1785 468 1901 513 nec
1927 468 2082 513 voce
2104 452 2335 528 plenio-

265 553 396 598 rem
434 544 540 597 aut
568 535 916 598 suaviorem
945 534 1091 595 mihi
1121 535 1338 596 videor
1365 535 1647 606 audisse;
1694 552 1855 610 quae
1898 534 2122 610 quibus
2165 552 2203 596 a
2234 554 2339 597 na·

267 631 400 682 tura
427 620 664 680 minora
694 621 835 680 data
864 628 1036 694 sunt,
1078 627 1281 680 tamen
1323 617 1474 679 illud
1512 618 1776 693 adsequi
1811 627 2107 693 possunt,
2149 629 2217 681 ut
2243 619 2340 695 iis,

268 720 428 779 quae
468 704 723 777 habent,
767 701 1008 764 modice
1052 710 1112 762 et
1155 701 1421 763 scienter
1460 710 1705 763 utantur
1731 709 1793 762 et
1818 710 1886 763 ut
1912 718 1992 762 ne
2020 703 2338 765 dedeceat.

266 789 336 847 ld
379 788 540 847 enim
582 796 679 848 est
717 785 981 846 maxime
1012 785 1326 855 vitandum
1355 794 1415 846 et
1443 787 1521 846 de
1549 786 1670 846 hoc
1697 802 1822 847 uno
1852 784 2100 846 minime
2127 795 2225 848 est
2253 789 2335 847 fa—

268 869 384 931 cile
414 869 776 947 praecipere
807 886 928 930 non
959 867 1105 929 mihi
1135 870 1351 942 modo,
1386 867 1492 944 qui
1522 868 1683 930 sicut
1709 886 1870 931 unus
1901 869 2338 945 paterfamilias

267 953 361 1013 his
386 954 464 1015 de
494 954 679 1014 rebus
709 955 956 1028 loquor,
997 953 1111 1013 sed
1146 951 1329 1014 etiam
1358 951 1480 1029 ipsi
1512 952 1597 1013 illi
1624 952 1887 1027 Roscio,
1935 969 2117 1027 quem
2149 969 2340 1030 saepe

264 1036 449 1099 audio
483 1036 690 1097 dicere
721 1044 906 1112 caput
932 1052 1075 1097 8338
1105 1035 1252 1097 artis
1284 1036 1541 1107 decere;
1596 1036 1766 1111 quod
1806 1045 2006 1097 tamen
2049 1054 2239 1097 unum
2277 1037 2340 1096 id

267 1137 440 1192 8338,
486 1122 656 1195 quod
687 1119 842 1181 tradi
870 1128 1000 1181 arte
1028 1135 1152 1180 non
1185 1118 1405 1196 possit.
1467 1118 1607 1182 133.
1653 1120 1806 1193 Sed,
1854 1119 1907 1181 si
1937 1121 2167 1195 placet,
2212 1136 2336 1181 ser-

266 1220 510 1264 monem
565 1202 685 1265 alio
731 1205 1169 1264 transferamus
1232 1210 1292 1263 et
1333 1212 1545 1264 nostro
1587 1220 1758 1264 more
1796 1202 2158 1279 aliquando,
2216 1220 2339 1264 non

265 1287 601 1359 rhetorico,
652 1283 997 1363 loquamur.

435 1369 684 1431 Minime
713 1387 880 1442 vero,
912 1370 1110 1446 inquit
1140 1373 1331 1432 Cotta.
1388 1372 1561 1432 Nunc
1590 1370 1752 1429 enim
1782 1378 1839 1430 te
1870 1369 1989 1429 iam
2013 1386 2370 1455 exoremus}

269 1469 528 1514 necesse
558 1463 683 1527 est,
717 1453 1006 1528 quoniam
1035 1453 1264 1515 retines
1293 1471 1412 1515 nos
1439 1452 1502 1514 in
1530 1454 1650 1515 hoc
1683 1451 1887 1514 studio
1921 1469 2035 1513 nec
2057 1452 2137 1513 ad
2160 1450 2338 1515 aliam

268 1535 517 1597 dimittis
547 1546 754 1609 artem,
787 1545 853 1598 ut
878 1536 1056 1598 nobis
1081 1537 1376 1614 expliceS‚
1406 1570 1490 1581 —
1521 1535 1821 1612 quidquid
1844 1546 1940 1597 est
1959 1536 2140 1609 istud,
2173 1537 2342 1611 quod

269 1630 331 1681 tu
371 1618 433 1678 in
477 1619 740 1680 dicendo
785 1628 997 1696 potes;
1055 1636 1256 1696 neque
1297 1621 1459 1680 enim
1504 1637 1718 1682 sumus
1762 1619 1942 1680 nimis
1985 1618 2182 1690 avidi;
2224 1618 2346 1680 ista

267 1712 372 1765 tua
399 1701 696 1763 mediocri
725 1701 1078 1778 eloquentia
1110 1703 1379 1765 contenti
1409 1719 1653 1778 sumuS,
1682 1702 1872 1779 idque
1901 1720 1983 1763 ex
2012 1712 2070 1764 te
2102 1703 2336 1778 quaeri-

267 1804 405 1847 mus
445 1794 615 1847 utne
645 1789 785 1862 plus
821 1803 937 1849 nos
968 1789 1413 1863 adsequamur,
1463 1805 1645 1864 quam
1682 1789 2038 1863 quantulum
2070 1797 2134 1847 tu
2161 1785 2221 1846 in
2254 1786 2338 1846 di·

269 1872 467 1931 cendo
499 1871 833 1931 adsecutus
863 1887 931 1931 es
962 1906 1076 1944 -‚
1123 1871 1445 1947 quoniam,
1492 1887 1652 1947 quae
1684 1889 1719 1931 a
1749 1881 1965 1932 natura
1995 1870 2343 1946 expetenda

270 1962 439 2028 sunt,
487 1971 560 2015 ea
600 1953 755 2015 dicis
792 1972 915 2017 non
945 1954 1124 2017 nimis
1158 1957 1385 2017 deesse
1414 1954 1626 2029 nobiS,
1670 1953 1819 2031 quid
1849 1964 2170 2031 praeterea
2200 1970 2343 2016 8338

269 2039 713 2099 adsumendum
756 2048 981 2115 putes?
1076 2041 1258 2100 XXX.
1328 2039 1469 2101 134.
1525 2041 1673 2099 Tum
1728 2040 1988 2099 Crassus
2031 2038 2345 2099 adridens:

270 2122 426 2195 Quid
469 2139 719 2196 censeS‚
759 2122 979 2199 inquit,
1027 2125 1226 2195 Cotta,
1272 2122 1391 2183 nisi
1434 2121 1700 2184 studium
1732 2133 1794 2183 et
1820 2125 2103 2183 ardorem
2134 2138 2344 2197 quem-

269 2208 410 2265 dam
452 2205 722 2267 amoris?
777 2205 911 2266 sine
956 2223 1079 2281 quo
1119 2224 1304 2281 quum
1350 2205 1408 2265 in
1453 2208 1577 2267 vita
1619 2205 1767 2266 nihil
1806 2206 2142 2281 quidquam
2172 2221 2344 2279 egre-

268 2288 462 2364 gium,
493 2298 619 2351 tum
650 2299 814 2350 certe
843 2289 993 2363 hoc,
1025 2290 1192 2365 quod
1225 2299 1287 2350 tu
1320 2289 1594 2365 expetis,
1636 2307 1815 2351 nemo
1844 2306 2134 2365 umquam
2164 2290 2344 2349 adse-

273 2380 537 2447 queturc
573 2373 788 2448 Neque
829 2390 979 2433 vero
1023 2390 1138 2434 vos
1176 2376 1255 2433 ad
1299 2390 1438 2433 eam
1465 2390 1594 2433 rem
1622 2373 1806 2434 video
1846 2390 1990 2434 8338
2020 2372 2343 2434 cohortan-

242 2441 419 2528 ldOS,
472 2473 661 2530 quo8,
715 2474 902 2530 quum
932 2456 1099 2522 ‚mihi
1143 2475 1392 2533 quoque
1436 2455 1569 2518 sitis
1612 2459 1883 2531 molesti,
1942 2456 2120 2517 nimis
2163 2455 2344 2517 etiam

270 2538 533 2612 flagrare
574 2539 842 2614 intelligo
886 2539 1236 2615 cupiditate.
1309 2539 1452 2603 135.
1499 2540 1625 2602 Sed
1652 2542 1931 2616 profecto
1963 2539 2168 2602 studia
2196 2537 2344 2599 nihil

269 2629 531 2696 prosunt
558 2621 959 2697 perveniendi
987 2623 1230 2699 aliquo,
1273 2624 1394 2686 nisi
1423 2623 1604 2699 illud,
1651 2626 1820 2701 quod
1848 2641 1957 2698 eo,
2003 2641 2125 2700 quo
2150 2623 2343 2683 inten-

269 2705 415 2778 das,
457 2706 613 2765 ferat
652 2707 1072 2783 deducatque,
1120 2707 1429 2783 cognoris.
1498 2708 1697 2782 Quare
1741 2707 2030 2783 quoniam
2072 2705 2218 2766 mihi
2260 2707 2343 2766 le·

269 2788 407 2849 vius
439 2790 748 2863 quoddam
780 2808 937 2853 onus
968 2790 1280 2868 imponitis
1323 2808 1527 2867 neque
1557 2808 1636 2852 ex
1664 2809 1762 2853 me
1792 2793 1870 2852 de
1902 2790 2164 2853 oratoris
2195 2799 2347 2863 arte,

270 2874 383 2933 sed
425 2873 503 2933 de
545 2874 659 2934 hac
701 2891 865 2946 mea,
918 2878 1477 2951 quantulacumque
1521 2883 1646 2950 est,
1705 2876 1989 2937 facultate
2032 2872 2347 2950 quaeritis,

268 2971 577 3030 exponam
621 2956 798 3042 vobis
838 2974 961 3018 non
1009 2960 1337 3033 quamdam
1376 2966 1480 3020 aut
1507 2958 1998 3034 perreconditam
2028 2966 2133 3020 aut
2159 2957 2346 3017 valde

268 3038 581 3100 difficilem
621 3048 728 3101 aut
764 3040 1148 3116 magnificam
1189 3052 1293 3104 aut
1333 3059 1581 3118 gravem
1621 3042 1919 3104 rationem
1949 3038 2344 3104 consuetudi-

267 3124 364 3183 nis
391 3139 597 3198 meae‚
643 3140 766 3198 qua
811 3126 1120 3199 quondam
1152 3126 1371 3188 solitus
1403 3143 1538 3187 sum
1567 3125 1684 3199 uti,
1730 3143 1919 3201 quum
1955 3125 2101 3186 mihi
2128 3124 2190 3185 in
2225 3123 2345 3184 isto

268 3205 473 3267 studio
515 3205 752 3268 versari
799 3208 1180 3270 adolescenti
1207 3210 1450 3272 licebat.
1530 3209 1671 3272 136.
1726 3211 1876 3271 Tum
1907 3207 2250 3284 Sulpicius:
2296 3210 2346 3268 υ

267 3289 461 3364 diem,
491 3291 696 3365 Cotta,
728 3290 938 3366 nobis,
967 3290 1194 3367 inquit,
1225 3301 1529 3369 optatum!
1591 3293 1767 3366 Quod
1792 3292 1954 3355 enim
1978 3308 2181 3368 neque
2210 3307 2348 3367 pre—

268 3373 442 3433 cibus
472 3390 762 3449 umquam
793 3392 906 3437 nec
936 3374 1282 3437 insidiando
1315 3392 1430 3436 nec
1461 3377 1842 3451 speculando
1867 3374 2131 3452 adsequi
2154 3371 2347 3452 potui,

268 3464 359 3524 ut,
407 3454 551 3530 quid
598 3458 859 3519 Crassus
901 3468 1110 3533 ageret
1150 3459 1483 3520 meditandi
1519 3468 1624 3521 aut
1666 3459 1910 3520 dicendi
1955 3476 2174 3526 causa,
2222 3474 2346 3518 non
