2622 3908
302 155 385 217 88
1090 155 1193 215 DE
1237 153 1601 216 ORATORE

303 316 369 368 ut
410 305 467 367 ei
509 306 658 367 nihil
699 324 904 383 neque
934 324 972 367 a
1006 315 1224 368 natura
1252 308 1620 382 denegatum
1651 322 1853 381 neque
1882 323 1920 366 a
1948 306 2227 367 doctrina
2254 325 2373 370 non

304 391 571 451 delatum
599 407 746 452 esse
776 391 1076 452 videatur.
1147 390 1376 464 Quare,
1410 389 1662 462 Crasse,
1705 406 1908 464 neque
1946 399 2011 450 tu
2039 397 2144 450 tua
2175 394 2375 452 suavi-

302 478 422 534 tate
453 491 568 534 nos
599 473 906 548 privabis,
944 481 1040 548 ut,
1079 473 1133 534 si
1165 472 1311 549 quid
1342 473 1419 533 ab
1449 471 1715 534 Antonio
1746 482 1852 534 aut
1878 473 2374 548 praetermissum

301 565 405 617 aut
444 555 723 618 relictum
775 557 883 632 sit,
930 574 1055 618 non
1097 557 1405 633 explices;
1450 572 1655 631 neque
1693 566 1781 629 te,
1825 556 2087 631 Antoni,
2130 556 2185 617 si
2228 559 2375 635 quid

302 657 423 701 non
478 638 739 714 dixeriS,
795 639 1280 702 existimabimus
1331 656 1454 700 non
1494 638 1777 715 potuisse
1816 639 2055 715 potiuS,
2109 657 2293 716 quam
2339 659 2375 705 a

302 723 524 784 Crasso
569 723 689 784 dici
734 722 1046 785 maluisse.
1128 722 1270 786 127.
1313 723 1426 783 Hic
1475 723 1761 784 Crassus:
1816 723 1971 798 Quin
2011 730 2107 799 tu,
2160 724 2376 801 inquit,

300 805 558 881 Antoni,
608 806 835 869 omittis
877 805 1025 882 ista,
1071 825 1232 883 quae
1273 806 1684 882 proposuisti,
1735 824 1894 881 quae
1934 824 2113 868 nemo
2157 807 2374 870 horum

300 889 640 962 desiderat3
684 890 909 967 quibus
951 907 1028 951 ex
1071 890 1226 953 locis
1257 906 1362 966 ea,
1407 906 1568 966 quae
1610 888 1873 951 dicenda
1893 890 2114 952 suntin
2147 892 2375 968 causiS,

297 973 697 1050 reperiantur.
786 974 955 1048 Quae
998 990 1370 1050 quamquam
1409 975 1522 1034 abs
1564 981 1625 1035 te
1663 990 1827 1035 novo
1872 977 2140 1050 quodam
2187 977 2374 1037 modo

296 1058 741 1133 praeclareque
787 1057 1099 1134 dicuntur,
1145 1066 1289 1121 sunt
1326 1066 1529 1119 tamen
1582 1065 1643 1118 et
1679 1074 1748 1118 re
1788 1057 2061 1119 faciliora
2103 1066 2164 1119 et
2192 1076 2368 1135 prae·

297 1140 495 1217 ceptis
544 1151 912 1217 pervagata=
969 1143 1073 1202 illa
1116 1143 1412 1218 deprome
1453 1138 1633 1202 nobis
1675 1141 1842 1202 unde
1880 1143 2156 1214 adreraS‚
2213 1160 2373 1218 quae

297 1223 667 1301 saepissime
703 1233 932 1286 tractas
965 1242 1337 1301 semperque
1371 1223 1678 1285 divinitus.

465 1307 605 1369 128.
667 1308 1041 1384 Depromam
1083 1312 1402 1386 equidem,
1449 1312 1675 1390 inquit,
1725 1319 1785 1374 et
1817 1330 1943 1389 quo
1977 1314 2211 1375 facilius
2244 1315 2310 1375 id
2338 1333 2370 1376 a

288 1398 349 1450 te
395 1390 669 1465 exigam,
716 1393 886 1466 quod
927 1401 1164 1468 petam,
1212 1396 1359 1456 nihil
1401 1397 1509 1457 tibi
1549 1414 1587 1458 a
1627 1413 1725 1456 me
1753 1397 2091 1473 postulanti
2124 1415 2374 1460 recusa-

288 1474 390 1533 bo,
451 1475 629 1534 Meae
670 1474 861 1535 totius
895 1477 1189 1538 orationis
1231 1485 1292 1538 et
1345 1478 1524 1541 istius
1566 1481 1763 1554 ipsius
1806 1481 2145 1555 facultatis,
2190 1501 2373 1558 quam

287 1557 474 1617 modo
535 1559 796 1618 Crassus
846 1558 907 1639 in
954 1563 1192 1622 caelum
1243 1563 1453 1631 verbis
1506 1566 1752 1638 extulit,
1810 1572 1938 1626 tres
1996 1574 2141 1626 sunt
2190 1568 2375 1628 ratio·

286 1656 430 1712 nes,
485 1648 743 1701 ut‘ante
797 1641 982 1704 dixiz-
1018 1662 1143 1704 una
1195 1647 1721 1709 conciliandorum
1771 1649 2115 1720 hominum,
2182 1653 2371 1716 altera

289 1726 741 1801 docendorum,
776 1726 954 1789 tertia
981 1726 1506 1790 concitandorum.
1567 1727 1709 1790 129.
1752 1729 1978 1788 Harum
2012 1724 2192 1791 trium
2227 1744 2368 1803 par-

292 1807 435 1871 tium
464 1810 661 1885 prima
688 1809 1000 1873 lenitatem
1029 1809 1357 1887 orationis,
1392 1813 1668 1872 secunda
1695 1827 1984 1885 acumen,
2024 1809 2202 1872 tertia
2245 1808 2364 1870 vim

291 1892 617 1957 desiderat.
671 1895 823 1954 Nam
861 1895 982 1958 hoc
1028 1911 1290 1957 necesse
1332 1903 1457 1970 est,
1500 1904 1567 1958 ut
1607 1895 1695 1971 is,
1748 1894 1853 1972 qui
1901 1892 2082 1956 nobis
2115 1894 2367 1956 causam

289 1977 751 2041 adiudicaturus
798 1979 903 2054 sit,
949 1990 1055 2042 aut
1093 1979 1486 2042 inclinatione
1523 1978 1850 2041 voluntatis
1889 1979 2275 2053 propendeat
2302 1978 2362 2038 in

287 2078 404 2123 nos
451 2073 556 2124 aut
588 2062 971 2125 defensionis
1001 2064 1375 2139 argumentis
1405 2064 1745 2125 adducatur
1773 2069 1878 2122 aut
1904 2060 2089 2120 animi
2119 2077 2366 2135 permo-

287 2144 453 2207 tione
483 2156 755 2221 cogatur.
819 2147 946 2208 Sed
983 2150 1273 2223 quoniam
1294 2147 1398 2208 illa
1419 2164 1592 2222 pars,
1630 2145 1692 2204 in
1720 2160 1842 2219 qua
1861 2159 2065 2204 rerum
2086 2142 2366 2217 ipsarum

289 2228 616 2305 explicatio
660 2246 735 2290 ac
781 2230 1062 2293 defensio
1103 2231 1308 2307 posita
1336 2239 1458 2304 est,
1503 2228 1744 2289 videtur
1773 2242 2015 2287 omnem
2042 2225 2227 2287 huius
2257 2244 2361 2303 ge-

291 2311 453 2373 neris
500 2311 678 2387 quasi
728 2314 1068 2375 doctrinam
1110 2314 1452 2386 continere,
1499 2312 1578 2372 de
1616 2328 1693 2372 ea
1731 2309 1994 2387 primum
2037 2312 2364 2386 loquemur

288 2405 349 2457 et
374 2411 574 2472 pauca
603 2394 900 2458 dicemus.
955 2399 1157 2459 Pauca
1185 2396 1347 2458 enim
1376 2404 1548 2469 sunt,
1591 2412 1751 2472 quae
1792 2413 1914 2456 usu
1951 2393 2072 2455 iam
2108 2402 2364 2456 tractata

289 2488 350 2540 et
382 2478 584 2540 animo
620 2479 796 2554 quasi
831 2489 1040 2543 notata
1067 2482 1295 2543 habere
1326 2479 1662 2541 videamur.
1719 2479 1901 2541 XXX.
1946 2478 2088 2541 130.
2131 2480 2225 2539 Ac
2256 2477 2361 2539 tibi

290 2561 599 2638 sapienter
626 2564 926 2640 monenti,
958 2566 1212 2639 Crasse,
1255 2564 1514 2627 libenter
1555 2563 1999 2637 adsentiemur,
2042 2570 2108 2623 ut
2154 2561 2357 2638 singu-

291 2650 482 2707 larum
529 2663 852 2709 causarum
894 2648 1320 2721 defensioneS,
1376 2665 1532 2724 quas
1587 2650 1789 2709 solent
1827 2645 2100 2721 magistri
2150 2644 2359 2721 pueris

290 2731 559 2805 tradere,
620 2731 1040 2808 relinquamus
1058 2779 1073 2807 ,
1125 2732 1476 2808 aperiamus
1534 2740 1735 2792 autem
1790 2731 1991 2804 capita
2039 2744 2144 2802 ea,
2198 2729 2361 2789 unde

288 2814 488 2876 omnis
518 2816 599 2875 ad
630 2832 871 2878 omnem
902 2825 963 2878 et
990 2832 1243 2877 causam
1274 2823 1336 2875 et
1365 2812 1702 2874 orationem
1732 2810 2067 2887 disputatio
2101 2812 2361 2873 ducitur.

287 2899 502 2973 Neque
532 2896 725 2974 enim,
769 2899 1055 2976 quotiens
1090 2899 1349 2959 verbum
1394 2896 1647 2971 aliquod
1685 2904 1781 2957 est
1822 2896 2214 2957 scribendum
2252 2912 2356 2957 no-

287 2980 412 3054 bis,
461 2979 685 3042 totiens
736 2982 869 3045 eius
916 2982 1090 3042 verbi
1129 2980 1366 3042 litterae
1408 2987 1551 3040 sunt
1594 2977 1965 3055 cogitatione
1993 2979 2359 3056 conquiren-
2417 3050 2427 3058 ,

288 3066 436 3138 dae;
470 3081 586 3125 nec
618 3065 903 3141 quotiens
936 3081 1128 3125 causa
1155 3063 1420 3125 dicenda
1446 3070 1571 3135 est,
1603 3064 1828 3125 totiens
1857 3064 1938 3123 ad
1967 3060 2102 3124 eius
2134 3079 2359 3124 causae

290 3146 564 3224 seposita
601 3158 957 3224 argumenta
989 3147 1226 3210 revolvi
1255 3165 1374 3209 nos
1410 3153 1678 3222 oportet,
1727 3147 1840 3207 sed
1887 3146 2114 3207 habere
2156 3155 2359 3207 certos

286 3235 494 3306 locOS,
554 3232 688 3308 qui,
731 3242 797 3294 ut
836 3233 1070 3293 litterae
1118 3233 1197 3292 ad
1248 3233 1503 3292 verbum
1548 3230 1971 3304 scribendum,
2019 3230 2112 3291 sic
2156 3227 2244 3291 illi
2280 3230 2357 3289 ad

289 3332 539 3376 causam
571 3316 997 3391 explicandam
1028 3315 1228 3377 statim
1265 3322 1609 3376 occurrant.
1679 3312 1820 3375 131.
1868 3312 1994 3374 Sed
2033 3313 2097 3374 hi
2139 3311 2260 3375 loci
2302 3310 2355 3372 ei

288 3400 532 3460 demum
567 3399 792 3459 oratori
821 3400 1129 3476 prodesse
1166 3408 1457 3477 possunt,
1505 3396 1610 3475 qui
1639 3407 1734 3459 est
1765 3406 2049 3459 versatus
2080 3395 2141 3458 in
2170 3398 2353 3458 rebus
2445 3397 2450 3398 ’
