2622 3908
706 247 954 307 LIB.11.
1003 248 1166 308 CAP.
1197 255 1457 309 13—15.
1502 254 1554 315 s.
1583 257 1847 312 56—65.
2114 267 2123 284 =
2234 244 2314 309 73

237 409 486 461 vestros
518 397 572 461 si
604 399 852 474 quando
883 397 1100 469 incidi,
1149 399 1446 474 deceptus
1490 398 1794 460 indicibus
1839 399 2163 475 librorum,
2211 401 2313 476 qui

235 492 386 545 sunt
416 483 542 543 iere
571 480 850 557 inscripti
881 483 959 543 de
987 482 1172 542 rebus
1198 481 1362 543 notis
1387 489 1449 543 et
1476 481 1831 558 illustribuS,
1862 485 1940 545 de
1966 482 2202 557 virtute,
2237 485 2315 545 de

236 564 502 640 iustitia,
531 567 609 626 de
636 565 994 640 honestate,
1025 565 1103 625 de
1131 568 1448 641 voluptate
1466 612 1482 639 ,
1510 567 1763 626 verbum
1794 584 2052 643 prorsus
2083 569 2310 628 nullum

236 647 540 724 intelligo;
588 647 672 710 ita
722 656 864 710 sunt
904 647 1181 724 angustis
1226 658 1287 710 et
1325 647 1594 710 concisis
1643 648 2156 724 disputationibus
2201 650 2313 711 illi-

237 731 380 809 gati.
438 732 657 793 Poctas
703 730 951 793 omnino
999 732 1177 807 quasi
1219 731 1340 793 alia
1383 733 1647 809 quadam
1680 732 1889 808 lingua
1916 735 2156 796 locutos
2190 751 2313 796 non

238 832 435 877 conor
462 815 778 891 attingere.
837 816 985 876 Cum
1012 814 1110 876 his
1139 832 1256 889 me,
1284 824 1354 878 ut
1383 815 1530 890 dixi,
1560 816 1822 889 oblect0,
1852 815 1955 890 qui
1977 834 2079 877 res
2103 829 2311 892 gestas

239 908 345 961 aut
379 898 691 960 orationes
736 899 1117 975 scripserunt
1157 916 1303 960 suas
1334 909 1440 961 aut
1468 897 1572 976 qui
1599 897 1683 960 ita
1710 900 2069 975 loquuntur,
2117 910 2184 962 ut
2223 899 2312 960 vi-

237 985 501 1044 deantur
536 981 813 1044 voluisse
853 999 996 1044 esse
1038 983 1249 1056 nobiS‚
1303 982 1408 1060 qui
1464 1000 1588 1044 non
1641 1000 1851 1045 sumus
1898 981 2312 1056 eruditissimi,

239 1065 592 1129 familiares.
677 1067 808 1126 XV.
865 1065 968 1128 62.
1013 1066 1137 1127 Sed
1180 1065 1323 1127 illuc
1364 1068 1586 1128 redeoe
1630 1066 1971 1138 videtisne,
2019 1073 2310 1142 quantum

238 1167 463 1211 munus
504 1150 584 1210 sit
625 1148 886 1211 oratoris
928 1148 1224 1210 historia?
1278 1151 1460 1211 Haud
1504 1149 1634 1225 scio
1680 1167 1757 1210 an
1803 1149 2051 1210 flumine
2092 1151 2310 1211 oratio-

237 1233 338 1295 nis
382 1242 444 1295 et
484 1232 777 1295 varietate
821 1232 1181 1304 maximum
1221 1250 1426 1310 neque
1470 1251 1605 1294 eam
1646 1233 1889 1308 reperio
1920 1250 2186 1309 usquam
2214 1249 2311 1294 se-

238 1316 499 1396 paratim
525 1316 881 1379 instructam
910 1317 1220 1378 rhetorum
1250 1316 1632 1394 praeceptis;
1673 1316 1789 1378 sita
1817 1326 1959 1378 sunt
1985 1316 2145 1377 enim
2173 1325 2313 1377 ante

238 1403 477 1465 oculos.
548 1402 697 1461 Nam
743 1400 882 1475 quis
925 1399 1124 1463 nescit
1164 1402 1423 1478 primam
1462 1418 1606 1463 esse
1634 1399 1929 1462 historiae
1959 1402 2190 1477 legem,
2234 1417 2311 1460 no

240 1483 392 1562 quid
435 1484 573 1545 salsi
615 1483 822 1546 dicere
862 1486 1127 1546 audeat?
1169 1483 1396 1546 deinde
1432 1503 1512 1547 ne
1558 1484 1707 1562 quid
1734 1484 1866 1548 veri
1896 1503 2020 1548 non
2050 1486 2313 1548 audeat?
2371 1512 2376 1516 ·

239 1586 320 1630 ne
365 1584 524 1644 quae
568 1566 843 1645 suspicio
876 1568 1104 1644 gratiae
1134 1569 1214 1630 sit
1240 1568 1301 1630 in
1333 1569 1706 1631 scribendo?
1743 1587 1822 1631 ne
1854 1588 2014 1647 quae
2044 1570 2311 1632 simulta-

241 1652 365 1714 tis?
417 1650 518 1713 63.
560 1652 728 1712 Haec
770 1650 1006 1713 scilicet
1040 1654 1435 1715 fundamenta
1463 1664 1608 1716 nota
1638 1664 1781 1717 sunt
1809 1654 2110 1718 omnibus.
2168 1657 2312 1730 Ipsa

239 1745 446 1798 autem
475 1734 900 1796 exaedificatio
932 1735 1137 1811 posita
1165 1736 1350 1799 estin
1379 1739 1566 1799 rebus
1597 1747 1659 1799 et
1688 1737 1913 1799 verbis.
1969 1741 2194 1799 Rerum
2217 1754 2311 1797 ra-

239 1819 328 1882 tio
372 1820 644 1880 ordinem
686 1827 1026 1895 temporum
1069 1820 1408 1894 desiderat,
1453 1819 1773 1896 regionum
1803 1820 2311 1901 descriptionem;

237 1903 373 1965 vult
393 1902 590 1975 etiam,
625 1902 912 1979 quoniam
943 1902 1005 1963 in
1029 1904 1216 1965 rebus
1239 1904 1475 1979 magnis
1499 1903 1917 1980 memoriaque
1942 1903 2144 1981 dignis
2168 1920 2311 1965 con-

240 1986 382 2049 silia
410 1986 699 2062 primum,
744 1986 968 2048 deinde
996 1995 1162 2060 acta,
1206 1995 1426 2063 postea
1456 1996 1713 2050 eventus
1744 1995 2211 2063 exspectentur,
2254 1995 2315 2048 et

240 2072 323 2132 de
353 2070 628 2132 consiliis
659 2069 991 2147 significari
1022 2069 1170 2148 quid
1199 2069 1464 2146 scriptor
1493 2072 1713 2147 probet
1742 2080 1803 2132 et
1823 2070 1885 2131 in
1907 2072 2095 2132 rebus
2120 2069 2313 2145 gestis

241 2154 540 2215 declarari
582 2172 706 2216 non
751 2157 950 2216 solum
993 2154 1142 2230 quid
1181 2164 1384 2215 actum
1425 2162 1531 2216 aut
1570 2153 1797 2216 dictum
1840 2154 1946 2229 sit,
1992 2156 2105 2215 sed
2133 2151 2314 2214 etiarn

242 2239 589 2314 quomod03
621 2248 681 2300 et
712 2255 900 2321 quum
931 2240 1010 2299 de
1040 2247 1263 2300 eventu
1292 2237 1560 2314 dicatur,
1589 2247 1657 2301 ut
1683 2256 1911 2301 causae
1932 2237 2315 2314 explicentur

242 2338 459 2382 omnes
502 2325 601 2383 vcl
645 2339 830 2383 casus
865 2323 965 2383 vel
997 2321 1337 2399 sapientiae
1364 2326 1463 2384 vel
1491 2322 1846 2385 temeritatis
1875 2321 2315 2398 hominumque

240 2405 519 2481 ipsorum
561 2422 683 2467 non
727 2408 925 2467 solum
959 2423 1062 2466 res
1091 2415 1334 2481 gestae,
1381 2408 1494 2468 sed
1523 2406 1703 2469 etiam
1779 2407 1883 2484 qui
1913 2409 2074 2468 fama
2101 2422 2175 2466 ac
2204 2422 2314 2466 no-

241 2487 406 2549 mine
430 2491 761 2562 excellant,
795 2490 873 2550 de
896 2489 1196 2566 cuiusque
1215 2489 1342 2550 vita
1360 2498 1546 2566 atque
1568 2500 1801 2552 natura.
1846 2489 1945 2551 64.
1970 2491 2314 2551 Verborum

241 2581 443 2634 autem
484 2572 638 2634 ratio
682 2581 741 2633 et
781 2590 976 2648 genus
1019 2572 1313 2634 orationis
1356 2573 1557 2635 fusum
1586 2583 1773 2649 atque
1801 2583 2058 2636 tractum
2088 2582 2150 2635 et
2179 2590 2316 2634 cum

244 2654 490 2718 lenitate
533 2658 797 2733 quadam
833 2655 1144 2732 aequabili
1172 2654 1492 2732 profluens
1525 2655 1658 2718 sine
1686 2657 1803 2717 hac
1832 2656 2102 2718 iudiciali
2132 2674 2314 2732 aspe-

243 2739 421 2801 ritate
450 2750 510 2802 et
539 2739 672 2801 sine
703 2739 1137 2802 sententiarum
1168 2737 1520 2802 forensibus
1551 2738 1784 2801 aculeis
1816 2741 2314 2816 persequendum

243 2833 359 2884 est.
416 2824 644 2885 Harum
670 2832 761 2885 tot
786 2833 1212 2900 tantarumque
1240 2841 1443 2885 rerum
1471 2821 1776 2885 videtisne
1811 2825 1937 2883 ulla
1966 2839 2110 2884 esse
2140 2839 2315 2899 prae-

243 2915 455 2982 cepta,
487 2924 647 2983 quae
677 2906 738 2968 in
768 2906 1000 2969 artibus
1028 2909 1340 2969 rhetorum
1367 2905 1790 2984 reperiantur?

413 2992 480 3050 ln
513 2992 733 3052 eodem
763 2990 1004 3053 silentio
1034 2993 1221 3052 multa
1249 2991 1369 3052 alia
1402 3001 1709 3054 oratorum
1746 2990 1953 3053 officia
1981 2991 2316 3065 iacuerunt,

243 3073 686 3138 cohortationis
739 3082 1103 3149 praecepta,
1132 3077 1579 3139 consolationis
1620 3078 1963 3150 admonita;
2017 3083 2314 3152 quaetra-

243 3159 470 3219 ctanda
497 3168 640 3220 sunt
670 3160 873 3220 omnia
903 3157 1303 3219 disertissime
1321 3205 1337 3231 ‚
1374 3161 1487 3220 sed
1516 3162 1720 3221 locum
1751 3176 1930 3220 suum
1958 3157 2020 3218 in
2049 3156 2147 3217 his
2177 3155 2311 3217 arti-

242 3243 395 3315 buS‚
443 3259 604 3317 quae
641 3241 898 3304 traditae
939 3249 1108 3313 sunt,
1153 3242 1382 3303 habent
1412 3246 1664 3305 nullum.
1728 3241 1829 3305 65.
1871 3244 2079 3317 Atque
2107 3238 2168 3299 in
2200 3239 2319 3300 hoc

242 3342 474 3402 genere
516 3324 617 3386 illa
661 3342 913 3403 quoque
952 3335 1048 3388 est
1074 3323 1309 3387 infinita
1339 3324 1525 3402 silva,
1571 3326 1737 3403 quod
1769 3323 1992 3386 oratori
2024 3324 2319 3399 plerique,

242 3417 312 3472 ut
336 3408 516 3471 etiam
543 3410 804 3471 Crassus
828 3409 1117 3482 ostendit,
1140 3411 1263 3471 duo
1287 3427 1515 3486 genera
1536 3412 1616 3471 ad
1639 3409 1965 3470 dicendum
1988 3408 2319 3470 dederunt=

245 3511 435 3556 unum
478 3494 555 3554 de
599 3501 764 3555 certa
802 3493 1175 3570 definitaque
1204 3510 1424 3567 causa,
1470 3496 1684 3570 quales
1714 3500 1885 3569 sunt,
1929 3509 2090 3568 quae
2117 3490 2177 3552 in
2211 3490 2318 3553 liti-
