2622 3908
348 233 467 296 164
1162 232 1261 291 DE
1313 231 1673 292 ORATORE

346 384 467 457 tibi,
500 382 714 459 inquit,
745 384 972 456 Catule,
1005 381 1264 459 primum
1292 383 1675 458 persuadeas
1705 381 1908 457 velim,
1936 400 2033 443 me
2067 400 2191 443 non
2222 388 2412 446 multo

344 485 528 530 secus
561 470 796 540 facere,
837 484 1024 543 quum
1054 469 1133 528 de
1161 475 1403 529 oratore
1431 465 1770 542 disputem,
1800 483 1873 526 ac
1898 468 2196 539 facerem,
2229 466 2282 528 si
2312 483 2409 527 es·

344 562 439 612 set
479 551 624 611 mihi
669 552 747 611 de
789 549 1083 612 histrione
1116 550 1463 612 dicendum.
1525 550 1823 647 Negarem
1853 550 2014 611 enim
2047 567 2240 626 posse
2267 568 2409 611 eum

344 635 494 697 satis
526 634 775 695 facere
761 652 821 695 m
853 644 1062 710 gestu,
1096 634 1212 695 nisi
1242 635 1638 710 palaestram,
1672 632 1791 694 nisi
1814 635 2036 694 saltare
2057 634 2410 706 didicisset3

345 735 577 793 neque,
608 735 684 778 ea
715 734 901 794 quum
931 718 1231 790 dicerem,
1264 734 1363 777 me
1391 733 1534 777 esse
1559 715 1916 777 histrionem
1934 734 2195 778 necesse
2220 727 2409 792 esset,

344 805 455 863 sed
499 804 764 864 fortasse
806 819 931 863 non
975 804 1223 863 stultum
1266 799 1448 861 alieni
1485 799 1724 861 artificii
1753 800 2249 863 existimatorem.
2303 800 2411 864 84.

345 886 634 947 Similiter
667 903 829 946 nunc
860 886 939 946 de
970 894 1210 947 oratore
1232 894 1440 945 vestro
1464 883 1732 960 impulsu
1754 885 1995 960 loquor,
2027 902 2263 946 summo
2289 884 2411 946 sci-

349 971 508 1031 licet.
561 969 827 1044 Semper
853 968 1046 1042 enim,
1090 985 1479 1044 quacumque
1506 969 1585 1028 de
1613 979 1743 1029 arte
1772 977 1878 1029 aut
1907 970 2188 1030 facultate
2221 986 2397 1044 quae

343 1054 526 1127 ritur,
557 1055 634 1113 de
663 1054 946 1114 absoluta
975 1062 1036 1114 et
1064 1055 1338 1129 perfecta
1369 1050 1580 1127 quaeri
1620 1053 1795 1113 solet.
1858 1052 2057 1126 Quare
2089 1052 2141 1113 si
2168 1052 2285 1112 iam
2310 1069 2411 1112 me

345 1136 529 1199 vultis
559 1153 703 1197 esse
734 1144 1055 1209 oratorem,
1090 1136 1144 1196 si
1174 1135 1355 1197 etiam
1386 1145 1482 1197 sat
1507 1136 1754 1208 bonum,
1789 1137 1840 1194 si
1867 1137 2094 1196 bonum
2117 1136 2407 1211 denique,

344 1238 465 1282 non
494 1221 874 1296 repugnabO.
944 1220 1100 1295 Quid
1146 1219 1305 1281 enim
1346 1236 1507 1281 nunc
1538 1218 1651 1289 sim
1683 1218 1973 1294 ineptus?
2010 1219 2093 1279 ita
2133 1236 2230 1278 me
2279 1219 2407 1280 exi-

344 1303 574 1365 stimari
607 1304 759 1366 scio.
824 1305 999 1378 Quod
1031 1304 1083 1364 si
1113 1303 1196 1364 ita
1217 1312 1345 1378 est,
1378 1320 1652 1364 summus
1687 1311 1889 1363 tamen
1917 1313 2080 1363 certe
2102 1320 2223 1364 non
2249 1320 2411 1364 sum.

343 1390 557 1463 Neque
601 1387 762 1448 enim
792 1388 958 1462 apud
990 1387 1268 1447 homines
1298 1404 1402 1448 res
1432 1397 1529 1448 est
1556 1388 1680 1448 ulla
1708 1386 2017 1446 difficilior
2045 1404 2247 1462 neque
2281 1404 2411 1446 ma-

340 1470 436 1531 ior
465 1488 666 1544 neque
695 1487 854 1546 quae
877 1473 1051 1545 plura
1072 1472 1420 1530 adiumenta
1443 1469 1757 1530 doctrinae
1781 1470 2105 1531 desideret.
2169 1470 2271 1533 85.
2300 1473 2408 1531 At-

341 1564 542 1615 tamen
571 1553 860 1643 quoniam
886 1554 964 1614 de
989 1563 1232 1613 oratore
1256 1554 1435 1613 nobis
1458 1553 1894 1628 disputandum
1918 1564 2032 1626 est,
2063 1556 2141 1613 de
2167 1571 2407 1615 summo

346 1647 588 1716 oratore
617 1632 823 1697 dicam
861 1653 1122 1697 necesse
1152 1646 1265 1698 est.
1322 1635 1437 1696 Vis
1466 1637 1626 1697 enim
1655 1646 1716 1698 et
1748 1647 1961 1698 natura
1984 1636 2091 1711 rei,
2125 1637 2241 1698 nisi
2266 1654 2410 1714 per-

346 1723 506 1782 fecta
546 1730 686 1781 ante
731 1723 947 1783 oculos
986 1719 1259 1796 ponitur,
1305 1718 1505 1796 qualis
1547 1730 1608 1782 et
1636 1730 1861 1796 quanta
1892 1720 1971 1782 sit
1998 1720 2248 1796 intelligi
2284 1738 2408 1782 non

344 1899 405 1949 et
447 1905 583 1949 cum
635 1889 767 1950 istis
808 1887 1156 1949 hominibus
1203 1888 1411 1948 vivere
1452 1904 1567 1948 nec
1609 1905 1789 1964 vero,
1836 1887 1898 1948 id
1942 1889 2110 1963 quod
2138 1898 2204 1950 tu
2239 1898 2410 1950 recte

344 1972 841 2045 commeministi,
884 1975 1072 2034 ullum
1114 1989 1403 2048 umquam
1444 1971 1737 2046 habuisse
1779 1972 2118 2048 sepositum
2157 1982 2408 2049 tempus

342 2058 420 2116 ad
453 2057 815 2118 discendum
850 2072 924 2117 ac
953 2065 1184 2118 tantum
1212 2055 1503 2118 tribuisse
1528 2055 1842 2117 doctrinae
1868 2056 2180 2132 temporis,
2213 2074 2408 2132 quan-

345 2151 470 2201 tum
504 2139 650 2200 mihi
681 2139 931 2215 puerilis
955 2143 1145 2214 aetaS,
1178 2142 1460 2200 forenses
1485 2141 1673 2200 feriae
1697 2138 2135 2201 concesserint.
2191 2142 2410 2200 XXIII.

342 2222 444 2284 86.
488 2228 610 2296 Ac,
657 2222 710 2282 si
741 2222 1019 2298 quaeris,
1068 2225 1304 2295 Catule,
1356 2223 1433 2281 de
1477 2222 1755 2284 doctrina
1784 2222 1903 2284 ista
1941 2222 2087 2298 quid
2118 2240 2234 2298 ego
2266 2241 2410 2284 sen-

341 2307 516 2379 tiam,
558 2322 679 2365 non
722 2315 949 2366 tantum
991 2304 1314 2381 ingenioso
1360 2305 1586 2367 homini
1630 2315 1690 2365 et
1732 2304 1821 2379 ei,
1875 2306 1978 2382 qui
2021 2309 2250 2379 forum,
2299 2306 2408 2383 qui

342 2389 601 2461 curiam,
641 2387 753 2465 -qui
798 2405 1050 2460 causaS,
1098 2387 1202 2463 qui
1244 2405 1374 2449 rem
1404 2389 1709 2464 publicam
1742 2397 2007 2465 spectet,
2054 2407 2216 2467 opus
2259 2408 2411 2452 esse

344 2474 605 2532 arbitror
632 2471 955 2547 temporiS,
987 2481 1276 2547 quantum
1306 2471 1422 2533 sibi
1455 2474 1492 2532 ii
1520 2482 1946 2550 sumpserunt,
1976 2491 2136 2549 quos
2161 2474 2409 2535 discen-

340 2566 436 2616 tes
482 2552 609 2616 vita
643 2554 886 2616 defecit.
947 2556 1171 2617 Omnes
1216 2554 1378 2617 enim
1421 2566 1585 2617 artes
1617 2556 1793 2618 aliter
1825 2558 1902 2617 ab
1945 2555 2023 2618 iis
2050 2566 2407 2624 tractantur.

345 2638 450 2715 qui
483 2656 592 2699 eas
621 2641 700 2699 ad
732 2657 913 2701 usum
943 2642 1345 2711 transferunt;
1384 2638 1559 2700 aliter
1597 2641 1675 2700 ab
1708 2639 1815 2715 iis,
1859 2639 1962 2717 qui
2003 2640 2276 2717 ipsarum
2309 2659 2402 2702 ar-

340 2725 487 2786 tium
528 2732 786 2785 tractatu
829 2723 1112 2785 delectati
1143 2721 1290 2783 nihil
1322 2721 1383 2782 in
1418 2721 1544 2784 vita
1574 2732 1717 2784 sunt
1749 2723 1915 2785 aliud
1944 2724 2158 2785 acturi.
2214 2725 2411 2801 Magi-

340 2818 466 2869 ster
495 2805 594 2866 hic
629 2806 986 2868 Samnitium
1023 2824 1259 2868 summa
1287 2804 1408 2866 iam
1439 2816 1754 2868 senectute
1791 2817 1969 2869 estet
1992 2807 2217 2869 cotidie
2239 2826 2408 2870 com-

343 2896 663 2950 mentatur.
719 2889 878 2950 Nihil
926 2891 1086 2951 enim
1129 2898 1303 2952 curat
1342 2888 1528 2950 aliud.
1585 2894 1668 2951 At
1696 2890 1764 2964 Q.
1790 2891 2086 2951 Velocius
2117 2908 2269 2966 puer
2297 2894 2410 2953 ad-

339 2972 655 3034 didicerat.
718 2972 843 3033 Sed
890 2975 1055 3049 quod
1087 2984 1217 3035 erat
1243 2981 1425 3047 aptus
1458 2974 1535 3033 ad
1564 2972 1712 3035 illud
1742 2984 2056 3051 totumque
2087 2986 2408 3052 cognorat,

341 3057 480 3131 fuit,
509 3065 576 3117 ut
603 3066 700 3118 est
728 3057 895 3132 apud
922 3056 1237 3131 Lucilium,

970 3144 1237 3217 quamvis
1271 3143 1454 3202 bonus
1481 3145 1609 3218 ipse

421 3226 658 3286 Samnis
687 3228 751 3285 in
779 3226 920 3285 ludo
947 3243 1022 3285 ac
1052 3226 1303 3285 rudibus
1329 3228 1516 3286 cuivis
1541 3229 1687 3286 satis
1712 3243 1911 3302 asper.

339 3307 462 3367 Sed
495 3310 637 3384 plus
669 3324 897 3383 operae
929 3310 1062 3368 foro
1095 3307 1424 3381 tribuebat,
1458 3307 1703 3382 amiciS,
1742 3309 1830 3369 rei
1863 3307 2161 3369 familiari.
2233 3312 2403 3372 Vale-

338 3390 465 3451 rius
490 3391 714 3451 cotidie
737 3393 1047 3462 cantabat3
1071 3390 1383 3452 eratenim
1409 3390 1760 3453 scaenicus=
1789 3391 1937 3467 quid
1954 3393 2183 3453 faceret
2195 3392 2414 3453 aliud?

339 3470 437 3543 ΒΤ,
483 3477 562 3532 At
601 3473 921 3534 Numerius
963 3475 1218 3541 Furiue,
1255 3483 1467 3536 noster
1507 3474 1848 3537 familiariS.
1895 3492 2076 3551 quum
2112 3486 2204 3537 est
2240 3492 2407 3537 com-
