2622 3908
788 227 925 288 [ΑΒ.
957 231 1000 287 1.
1047 229 1212 287 cAP.
1244 238 1442 291 4—15.
1488 234 1541 295 s.
1577 236 1838 290 14—23.
2315 226 2356 288 5

271 383 515 443 dicam?
556 398 715 456 quae
760 390 930 442 motu
960 379 1271 456 corporiS,
1320 397 1477 455 quae
1507 389 1715 456 gestu,
1756 395 1915 455 quae
1946 380 2148 451 vultu,
2196 395 2356 455 quae

269 465 446 525 vocis
488 462 974 525 conformatione
1007 480 1081 524 ac
1110 462 1404 524 varietate
1432 464 1810 525 moderanda
1839 473 1966 533 est3
2015 478 2176 538 quae
2222 464 2351 524 sola

269 564 381 627 per
425 564 494 609 se
537 546 678 624 ipsa
723 557 953 624 quanta
989 547 1068 608 sit
1094 546 1458 607 histrionum
1487 546 1642 607 levis
1673 563 1775 608 ars
1805 556 1867 607 et
1897 562 2122 607 scaena
2151 547 2352 606 decla-

267 642 392 702 ταις
437 630 498 692 in
546 649 668 706 qua
714 648 902 707 quum
947 648 1161 692 omnes
1204 631 1266 691 in
1303 630 1430 691 oris
1462 639 1523 691 et
1551 630 1726 691 vocis
1755 639 1818 691 et
1845 639 2046 691 motus
2078 631 2348 691 modera-

267 717 434 779 tione
457 716 790 789 elaborent,
824 714 962 791 quis
987 714 1227 790 ignorat
1251 732 1435 789 quam
1462 713 1641 789 pauci
1667 714 1787 774 sint
1808 713 2174 789 fuerintque,
2198 729 2357 789 quos

268 799 472 861 animo
518 815 721 873 aequo
767 809 1051 876 spectare
1094 798 1457 873 possimus?
1528 797 1684 873 Quid
1728 797 1927 858 dicam
1957 799 2035 857 de
2066 798 2355 859 thesauro

267 901 472 944 rerum
508 882 808 956 omnium,
852 881 1189 943 memoria?
1231 899 1389 957 quae
1433 881 1551 942 nisi
1587 892 1799 943 custos
1831 881 2094 941 inventis
2127 880 2346 957 cogita-

268 969 474 1043 tisque
504 958 781 1027 rebus'et
809 966 1013 1026 verbis
1043 965 1430 1038 adhibeatur,
1477 965 1868 1042 intelligimus
1900 964 2133 1038 omnia,
2178 964 2354 1025 etiam

270 1050 324 1112 si
355 1050 850 1127 praeclarissima
880 1048 1104 1112 ruerint
1131 1048 1191 1108 in
1223 1059 1498 1123 oratore,
1543 1049 1830 1125 peritura.
1911 1048 2008 1110 19.
2055 1048 2353 1123 Quamob-

268 1153 397 1196 rem
442 1133 644 1194 mirari
677 1134 1064 1207 desinamuS,
1109 1151 1269 1209 quae
1305 1150 1496 1194 causa
1531 1134 1609 1195 sit
1637 1133 2058 1210 eloquentium
2086 1133 2355 1208 paucita-

269 1218 379 1291 ῑίε,
424 1234 614 1293 quum
657 1236 734 1278 ex
775 1217 850 1278 iis
879 1218 1064 1277 rebus
1093 1216 1404 1278 universis
1435 1218 1786 1292 eloquentia
1817 1225 2085 1288 constet,
2132 1217 2191 1275 in
2225 1215 2354 1290 qui-

269 1303 386 1363 bus
431 1300 695 1376 singulis
733 1303 1054 1362 elaborare
1088 1317 1490 1376 permagnum
1520 1309 1645 1374 est,
1689 1301 2121 1375 hortemurque
2150 1298 2356 1374 potius

266 1385 499 1448 liberos
528 1393 776 1446 nostros
807 1394 1240 1461 caeterosque,
1281 1402 1542 1460 quorum
1571 1384 1765 1459 gloria
1796 1383 1975 1445 nobis
2005 1393 2065 1444 et
2093 1381 2357 1458 dignitas

270 1485 415 1530 cara
456 1477 580 1539 est,
627 1477 694 1530 ut
735 1468 937 1529 animo
981 1467 1071 1529 rei
1116 1469 1592 1544 magnitudinem
1636 1471 2118 1543 complectantur
2156 1482 2355 1542 neque

268 1552 361 1613 eis
394 1561 497 1612 aut
524 1551 875 1628 praeceptis
907 1561 1011 1613 aut
1039 1552 1346 1627 magistris
1381 1561 1487 1613 aut
1515 1550 2085 1625 exercitationibus,
2132 1549 2356 1627 quibus

280 1645 535 1697 utuntur
577 1653 824 1708 omnes,
869 1640 981 1699 sed
1008 1639 1144 1699 aliis
1186 1638 1584 1713 quibusdam,
1631 1638 1800 1712 quod
1841 1643 2164 1712 expetunt,
2210 1653 2350 1698 con-

284 1720 459 1794 sequi
504 1737 695 1794 posse
735 1739 806 1781 se
846 1723 1178 1788 confidant.
1243 1722 1346 1780 Vl.
1395 1721 1497 1785 20.
1542 1726 1636 1781 Ac
1665 1737 1804 1781 mea
1834 1720 2081 1793 quidem
2113 1728 2366 1780 senten-

282 1806 365 1867 tia
407 1821 585 1865 nemo
618 1803 839 1880 poterit
866 1821 1009 1866 esse
1039 1804 1204 1866 omni
1236 1808 1416 1867 laude
1446 1809 1788 1869 cumulatus
1820 1818 2051 1881 orator,
2098 1806 2216 1867 nisi
2258 1805 2369 1867 erit

283 1889 552 1951 omnium
582 1906 783 1949 rerum
806 1906 1161 1965 magnarum
1185 1899 1370 1965 atque
1393 1890 1610 1951 artium
1634 1890 1951 1952 scientiam
1978 1899 2366 1953 consecutus.

282 1974 517 2034 Etenim
562 1991 640 2034 ex
683 1991 885 2035 rerum
931 1973 1281 2048 cognitione
1326 1974 1681 2036 efflorescat
1709 1985 1769 2036 et
1797 1976 2100 2035 redundet
2129 1983 2369 2051 oportet

281 2058 510 2128 oratio;
560 2074 719 2133 quae
747 2056 866 2118 nisi
897 2057 1019 2118 sint
1046 2059 1124 2118 ab
1156 2067 1399 2118 oratore
1430 2067 1723 2133 percepta
1753 2068 1812 2117 et
1834 2059 2095 2131 cognita,
2127 2057 2369 2117 inanem

282 2141 608 2218 quamdam
649 2141 833 2202 habet
862 2140 1268 2203 elocutionem
1298 2151 1360 2202 et
1388 2158 1587 2218 paene
1615 2141 1930 2218 puerilem.
2018 2139 2119 2201 21.
2158 2142 2369 2214 Neque

281 2242 430 2286 vero
460 2241 577 2299 ego
609 2226 728 2285 hoc
756 2236 988 2286 tantum
1017 2224 1222 2286 oneris
1251 2225 1558 2302 imponam
1591 2227 1818 2287 nostris
1846 2224 2203 2301 praesertim
2234 2239 2365 2284 ora-

280 2310 518 2370 toribus
561 2307 622 2368 in
667 2309 782 2369 hac
824 2318 992 2370 tanta
1034 2308 1444 2385 occupatione
1480 2310 1649 2371 urbis
1680 2326 1753 2370 ac
1783 2308 1974 2382 vitae,
2022 2309 2167 2369 nihil
2197 2317 2265 2369 ut
2293 2307 2368 2368 iis

281 2401 491 2470 putem
537 2392 720 2460 licere
766 2393 1037 2467 nescire,
1084 2411 1454 2469 quamquam
1500 2394 1594 2454 vis
1639 2394 1900 2455 oratoris
1935 2393 2370 2469 professioque

282 2479 423 2552 ipsa
443 2477 601 2536 bene
624 2475 870 2537 dicendi
895 2477 1014 2537 hoc
1043 2477 1361 2552 suscipere
1385 2494 1458 2538 ac
1487 2477 1763 2554 polliceri
1786 2477 2083 2548 videatur,
2117 2485 2184 2538 ut
2205 2475 2367 2537 omni

281 2562 360 2620 de
404 2575 502 2632 re,
549 2576 974 2635 quaecumque
1016 2559 1094 2622 sit
1122 2560 1476 2637 proposita,
1523 2571 1733 2623 ornate
1769 2562 1847 2621 ab
1878 2579 1953 2622 eo
1986 2561 2368 2636 copioseque

284 2643 538 2703 dicatur.
624 2643 724 2705 22.
775 2644 899 2704 Sed
944 2643 1090 2720 quia
1132 2661 1253 2705 non
1299 2646 1507 2707 dubito
1550 2644 1695 2720 quin
1738 2646 1855 2706 hoc
1905 2644 2219 2720 plerisque
2260 2643 2366 2703 im-

283 2744 562 2787 mensum
592 2727 1015 2804 infinitumque
1045 2727 1340 2801 videatur,
1374 2739 1432 2790 et
1457 2730 1623 2805 quod
1648 2730 1920 2790 Graecos
1944 2728 2221 2789 homines
2246 2744 2368 2787 non

280 2812 484 2871 solum
527 2810 772 2886 ingenio
818 2821 878 2873 et
907 2811 1212 2884 doctrina,
1261 2814 1374 2873 sed
1409 2811 1589 2874 etiam
1642 2811 1768 2872 otio
1817 2811 2147 2887 studioque
2178 2812 2366 2873 abun-

281 2895 500 2955 dantes
545 2895 929 2971 partitionem
974 2897 1300 2971 quamdam
1347 2895 1564 2957 artium
1601 2895 1829 2957 secisse
1861 2895 2042 2956 video
2075 2911 2278 2970 neque
2310 2914 2366 2955 m

282 2977 574 3039 universo
618 2996 847 3054 genere
882 2980 1162 3055 singulos
1192 2981 1579 3053 elaborasse,
1629 2979 1741 3040 sed
1772 2979 2135 3056 seposuisse
2165 2996 2202 3038 a
2231 2996 2359 3040 cae·

283 3061 430 3123 tetis
461 3061 833 3124 dictionibus
864 3080 998 3123 eam
1029 3073 1263 3139 partem
1292 3063 1557 3138 dicendi,
1587 3080 1745 3139 quae
1775 3062 1837 3123 in
1871 3064 2221 3125 forensibus
2246 3062 2366 3123 dis-

282 3145 735 3220 ceptationibus
775 3146 1137 3209 iudiciorum
1179 3159 1284 3209 aut
1331 3146 1835 3209 deliberationum
1879 3158 2260 3220 versaretur,
2312 3156 2374 3209 et

281 3227 346 3289 id
370 3246 557 3290 unum
581 3248 778 3306 genus
805 3230 1032 3293 oratori
1054 3230 1414 3306 reliquisse=
1448 3249 1568 3293 non
1595 3235 1973 3308 complectar
1995 3232 2054 3291 in
2079 3230 2176 3289 his
2203 3230 2372 3291 libris

282 3313 565 3388 ampliuS‚
600 3332 783 3390 quam
810 3316 978 3391 quod
999 3314 1142 3376 huic
1165 3316 1375 3391 generi
1402 3333 1469 3376 re
1493 3316 1773 3391 quaesita
1802 3325 1863 3375 et
1884 3317 2135 3376 multum
2159 3314 2345 3391 dispu

283 3405 406 3458 tata
448 3414 824 3460 summorum
867 3398 1182 3460 hominum
1218 3416 1416 3475 prope
1446 3407 1883 3460 consensu-est
1909 3397 2227 3471 tributum;
2273 3398 2374 3460 23.

279 3491 683 3556 repetamque
727 3497 851 3543 non
895 3484 970 3543 ab
1016 3482 1402 3544 incunabulis
1443 3492 1689 3544 nostrae
1733 3481 1959 3565 veteris
1999 3483 2375 3556 puerilisque
