2622 3908
370 265 452 329 82
1123 262 1226 323 DE
1273 259 1636 321 ORATORE

370 425 605 494 potest,
639 415 865 476 Caesar
893 424 954 475 et
987 414 1191 485 Cotta3
1224 429 1485 488 quorum
1505 413 1659 472 alter
1678 408 2032 471 inusitatum
2056 408 2285 471 nostris
2313 412 2438 488 qui·

369 502 510 560 dem
555 497 901 560 oratoribus
947 500 1218 571 leporem
1264 496 1591 571 quemdam
1625 502 1686 555 et
1714 495 1935 565 salem,
1984 494 2136 553 alter
2160 494 2445 556 acutissi-

372 599 533 644 mum
575 589 638 643 et
667 577 1133 642 subtilissimum
1159 578 1408 640 dicendi
1436 595 1633 653 genus
1663 586 1759 638 est
1788 585 2193 638 consecutus:
2238 595 2448 652 neque

371 683 520 727 vero
549 673 759 726 vester
784 664 1062 739 aequalis
1094 663 1273 724 Curio
1290 708 1305 735 ,
1338 671 1513 738 patre
1540 677 1678 721 mea
1703 658 2006 721 sententia
2024 661 2125 720 vel
2148 662 2447 737 eloquen-

371 747 610 812 tissimo
642 747 1019 822 temporibus
1050 746 1201 820 illis,
1235 761 1607 821 quemquam
1634 742 1780 804 mihi
1811 759 2031 818 magno
2057 760 2248 818 opere
2275 745 2446 807 vide-

373 842 467 895 tur
492 830 746 901 imitari3
790 829 895 906 qui
925 839 1124 891 tamen
1152 830 1480 890 verborum
1509 826 1804 903 gravitate
1833 835 1895 887 et
1921 826 2223 900 elegantia
2251 836 2315 889 et
2343 845 2450 891 con

373 915 475 993 pia
517 933 691 977 suam
737 915 1063 990 quamdam
1104 911 1416 988 expressit
1451 910 1628 986 quasi
1659 912 1914 971 formam
1943 909 2329 985 figuramque
2358 912 2450 973 di-

371 998 581 1070 cendi3
630 999 801 1073 quod
843 1012 959 1071 ego
1004 994 1266 1056 maxime
1295 993 1569 1055 iudicare
1599 992 1772 1070 potui
1800 993 1860 1053 in
1893 1010 1968 1055 ea
1997 1009 2215 1070 causa,
2262 1013 2451 1071 quam

372 1082 472 1143 ille
516 1091 730 1143 contra
767 1097 867 1141 me
907 1080 1074 1155 apud
1110 1077 1522 1140 centumviros
1553 1095 1668 1153 pro
1701 1076 1986 1138 fratribus
2017 1077 2229 1138 Cossis
2261 1080 2447 1150 dixit,

372 1165 432 1227 in
465 1183 588 1242 qua
616 1163 760 1225 nihil
792 1162 878 1224 illi
907 1162 1126 1236 deluit,
1173 1163 1342 1238 quod
1371 1179 1497 1223 non
1526 1162 1712 1223 modo
1745 1159 2074 1237 copiosuS,
2118 1162 2234 1222 sed
2263 1162 2446 1226 etiam

374 1249 626 1326 sapiens
666 1256 871 1310 orator
898 1248 1127 1308 habere
1155 1247 1427 1307 deberet.

539 1335 754 1394 XXIV.
798 1329 900 1392 99.
945 1333 1177 1392 Verum
1217 1338 1284 1391 ut
1325 1327 1657 1405 aliquando
1702 1330 1782 1389 ad
1813 1345 2036 1390 causas
2067 1329 2450 1392 deducamus

371 1417 570 1489 illum,
605 1433 787 1490 quem
817 1413 1274 1488 constituimus,
1305 1421 1365 1474 et
1393 1430 1500 1474 eas
1532 1410 1810 1489 quidem,
1855 1411 1918 1473 in
1949 1411 2172 1486 quibus
2197 1415 2450 1488 pluscu-

374 1502 498 1560 lum
538 1496 761 1574 negotii
824 1505 949 1570 est,
996 1496 1360 1558 iudiciorum
1400 1505 1587 1572 atque
1625 1494 1817 1558 litium
1863 1531 1936 1540 —
1979 1494 2183 1558 riserit
2223 1496 2452 1572 aliquis

376 1584 641 1643 fortasse
680 1581 799 1641 hoc
840 1589 1269 1656 praeceptum3
1313 1588 1410 1642 est
1450 1579 1611 1641 enim
1651 1596 1776 1641 non
1819 1588 1942 1641 tam
1985 1587 2228 1641 acutum
2266 1598 2454 1656 quam

375 1663 797 1727 necessarium
825 1662 1148 1740 magisque
1175 1661 1494 1726 monitoris
1525 1680 1648 1725 non
1680 1662 1829 1725 fatui
1860 1680 2043 1739 quam
2073 1662 2294 1725 eruditi
2324 1680 2453 1724 ma-

376 1748 548 1827 gistri
585 1771 699 1804 -ε
753 1748 875 1808 hoc
918 1748 976 1809 ei
1016 1747 1278 1825 primum
1307 1746 1793 1824 praecipiemus,
1838 1763 2263 1824 quascumque
2305 1765 2453 1809 cau-

376 1851 481 1894 sas
510 1832 626 1894 erit
653 1840 1049 1906 tractaturus,
1078 1841 1146 1894 ut
1172 1848 1280 1892 eas
1310 1830 1636 1905 diligenter
1686 1831 2059 1906 penitusque
2091 1840 2435 1905 cognoscat

376 1917 520 1981 100.
564 1919 697 1979 Hoc
742 1914 804 1978 in
846 1918 993 1979 ludo
1026 1933 1151 1978 non
1184 1917 1586 1992 praecipiturz
1632 1916 1846 1977 faciles
1891 1916 2053 1976 enim
2096 1931 2326 1976 causae
2372 1915 2448 1976 ad

378 2019 606 2080 pueros
636 2003 1010 2063 deferuntur.
1064 2003 1195 2062 Lex
1235 2000 1627 2076 peregrinum
1668 2007 1835 2061 vetat
1867 1998 1929 2059 in
1963 2016 2201 2060 murum
2231 2016 2441 2061 ascen·

376 2088 554 2156 dere3
602 2084 908 2156 ascendit3
952 2086 1165 2146 hostes
1193 2082 1490 2159 reppulit·
1535 2092 1878 2144 accusatur.
1948 2081 2107 2143 Nihil
2137 2091 2233 2144 est
2261 2099 2447 2159 nego-

376 2167 470 2240 tii,
528 2167 835 2228 eiusmodi
886 2184 1138 2228 causam
1174 2183 1587 2241 cognoscere·
1615 2176 1782 2228 recte
1809 2165 1993 2263 igitur
2019 2165 2167 2226 nihil
2198 2167 2277 2227 de
2308 2183 2454 2228 cau-

290 2319 293 2320 ,
380 2269 451 2312 sa
498 2251 795 2311 discenda
837 2248 1249 2346 praecipiun13
1300 2250 1456 2310 haec
1498 2256 1596 2311 est
1635 2249 1796 2311 enim
1837 2249 1899 2309 in
1940 2251 2082 2310 ludo
2127 2266 2454 2311 causarum

374 2324 641 2392 formula
699 2337 850 2395 fere.
908 2334 992 2394 At
1031 2348 1179 2393 vero
1222 2332 1285 2393 in
1329 2334 1464 2394 foro
1506 2334 1779 2405 tabulae,
1828 2332 2201 2408 testimonia,
2270 2343 2456 2410 pacta

379 2423 712 2491 conventa,
769 2414 1227 2493 stipulationes,
1280 2415 1712 2492 cognationes,
1761 2415 2136 2490 adfinitateS,
2181 2419 2452 2492 decreta,

374 2516 715 2575 responsa,
762 2501 883 2561 vita
911 2498 1179 2575 denique
1209 2517 1451 2573 eorum,
1491 2499 1597 2577 qui
1626 2500 1685 2561 in
1719 2518 1911 2562 causa
1938 2510 2292 2575 versantur,
2327 2511 2455 2563 tota

382 2584 821 2659 cognoscenda
848 2592 971 2655 est3
1006 2601 1276 2660 ‘quarum
1304 2601 1506 2645 rerum
1542 2584 1909 2660 negligentia
1947 2587 2279 2661 plerasque
2309 2602 2453 2646 cau-

382 2684 485 2730 sas
516 2675 578 2729 et
604 2665 868 2728 maxime
895 2665 1169 2744 privatas
1195 2702 1281 2714 -—
1322 2678 1465 2731 sunt
1498 2668 1659 2730 enim
1693 2671 1881 2731 multo
1914 2685 2105 2744 saepe
2135 2668 2456 2730 obscurio-

379 2770 480 2813 res
518 2788 588 2796 —
620 2751 902 2813 videmus
932 2750 1143 2814 amitti.
1202 2750 1345 2814 101.
1374 2753 1466 2813 Ιι3
1494 2752 1787 2827 nonnulli,
1818 2754 1963 2814 dum
1994 2769 2246 2827 operam
2279 2769 2454 2813 suam

380 2838 628 2898 multam
658 2834 989 2896 existimari
1014 2837 1256 2909 volunt,
1287 2844 1359 2897 ut
1386 2844 1514 2897 toto
1547 2837 1681 2898 foro
1711 2835 1969 2898 volitare
1998 2844 2059 2897 et
2086 2853 2125 2897 a
2153 2854 2345 2897 causa
2375 2834 2455 2896 ad

381 2935 631 2980 causam
660 2916 749 2977 ire
779 2917 1128 2991 videantur,
1176 2935 1400 2981 causas
1430 2918 1642 2981 dicunt
1669 2919 2031 2996 incognitas.
2101 2921 2169 2980 In
2204 2937 2327 2995 quo
2360 2928 2457 2980 est
2575 2949 2576 3008 ᾗ

380 3001 484 3064 illa
516 3001 764 3077 quidem
793 3018 1013 3077 magna
1035 3001 1300 3064 offensio
1324 3006 1425 3063 vel
1448 3002 1875 3080 negligentiae,
1908 3003 2219 3081 susceptis
2242 3004 2453 3076 rebuS,

379 3089 479 3149 vel
511 3083 841 3163 perfidiae,
871 3085 1172 3160 receptis3
1220 3087 1335 3147 sed
1359 3086 1539 3148 etiam
1567 3087 1671 3147 illa
1698 3086 1893 3149 maior
1920 3086 2242 3162 opinione,
2288 3087 2454 3161 quod

381 3187 563 3233 nemo
594 3178 800 3245 potest
828 3170 908 3230 de
936 3185 1012 3230 ea
1038 3185 1136 3244 re,
1184 3187 1368 3245 quam
1403 3188 1526 3232 non
1554 3170 1758 3243 novit,
1804 3188 1926 3232 non
1968 3169 2322 3248 turpissime
2366 3169 2454 3230 di-

382 3273 542 3317 cere.
601 3255 691 3315 lta
722 3254 868 3313 dum
896 3253 1152 3314 inertiae
1179 3252 1718 3328 vituperationem,
1754 3271 1913 3329 quae
1935 3271 2130 3315 mmor
2152 3264 2277 3330 est,
2308 3270 2454 3315 con-

381 3346 682 3409 temnunt,
715 3338 1139 3412 adsequuntur
1166 3335 1345 3398 etiam
1373 3336 1565 3412 illam,
1611 3356 1794 3414 quam
1824 3337 2019 3413 magis
2049 3337 2170 3415 ipsi
2200 3337 2456 3414 fugiunt,

382 3419 699 3480 tarditatis.
746 3417 889 3481 102.
920 3419 1221 3496 Equidem
1253 3421 1426 3481 soleo
1459 3422 1607 3481 dare
1638 3438 1907 3497 operam,
1937 3430 2005 3483 ut
2033 3422 2112 3482 de
2142 3440 2256 3483 sua
2286 3421 2458 3497 quis-

385 3517 505 3573 que
533 3517 600 3559 re
630 3518 727 3561 me
757 3500 895 3574 ipse
924 3504 1146 3564 doceat
1173 3511 1234 3564 et
1259 3511 1329 3563 ut
1357 3519 1435 3563 ne
1466 3502 1603 3580 quis
1633 3504 1790 3566 alius
1821 3504 2014 3577 adsit,
2046 3523 2168 3581 quo
2202 3504 2459 3567 liberius
