2622 3908
247 245 256 254 '
336 233 452 295 106
1106 233 1204 291 DE
1256 232 1618 292 ORATORE

330 386 578 445 modum
624 377 863 456 dixisti,
911 381 1016 443 tibi
1057 399 1172 459 ego
1207 401 1329 445 non
1364 382 1683 456 iudicium,
1736 382 1848 443 sed
1889 381 2239 455 incendium
2272 391 2392 441 tra-

330 466 655 539 didissem,
707 468 876 540 quod
912 476 1077 531 tuum
1110 466 1506 543 principium,
1554 467 1617 528 di
1647 465 2051 538 immortaleS,
2098 463 2238 526 fuit!
2286 464 2392 539 qui

328 550 536 611 timor!
583 566 742 624 quae
784 549 1108 611 dubitatio!
1162 558 1390 626 quanta
1430 549 1750 613 haesitatio
1786 558 2140 624 tractusque
2173 548 2393 608 verbo-

333 641 494 694 rum!
522 633 689 697 Ut-tu
722 633 868 699 illud
898 634 1087 704 initio,
1114 636 1282 709 quod
1326 633 1435 699 tibi
1465 651 1654 697 unum
1687 634 1767 693 ad
1801 633 2246 708 ignoscendum
2278 631 2393 690 ho-

330 716 524 777 mines
556 716 811 791 dabant,
852 715 1126 778 tenuisti=
1174 725 1232 779 te
1260 734 1372 793 pro
1403 717 1650 779 homine
1672 715 2138 792 pernecessario
2158 762 2172 790 ,
2203 731 2392 791 quae-

332 810 498 861 store
543 808 679 873 tuo,
722 799 956 861 dicere!
1000 818 1184 875 quam
1226 800 1334 862 tibi
1370 803 1626 876 primum
1655 799 1904 861 munisti
1937 801 2017 860 ad
2048 809 2107 861 te
2138 798 2393 859 audien-

331 885 475 944 dum
504 883 684 946 viam.
760 882 903 943 203.
946 884 1108 943 Ecce
1129 893 1365 960 autem,
1398 902 1585 960 quum
1610 894 1667 945 te
1692 884 1836 944 nihil
1859 883 2025 945 aliud
2047 882 2394 958 profecisse

332 966 684 1041 arbitrarer,
730 965 849 1026 nisi
888 976 955 1027 ut
990 966 1268 1028 homines
1303 966 1408 1029 tibi
1440 969 1638 1028 civem
1668 969 2011 1043 improbum
2041 965 2394 1027 defendenti

331 1050 777 1126 ignoscendum
807 1059 1065 1126 propter
1094 1051 1612 1117 necessitudinem
1640 1051 2104 1125 arbitrarentur,
2141 1065 2394 1125 serpere

332 1134 570 1195 occulte
601 1132 890 1210 coepisti,
937 1133 1229 1195 nihildum
1263 1134 1400 1196 aliis
1431 1134 1919 1211 suspicantibuS,
1960 1151 2057 1195 me
2092 1150 2238 1193 vero
2270 1133 2394 1194 iam

331 1216 830 1293 pertimescente,
871 1226 938 1279 ut
970 1216 1135 1278 illam
1164 1236 1287 1280 non
1315 1219 1584 1280 Norbani
1613 1218 2006 1292 seditionem,
2037 1218 2150 1279 sed
2168 1216 2394 1295 populi

330 1300 588 1362 Romani
620 1300 997 1362 iracundiam
1024 1319 1225 1377 neque
1256 1320 1392 1364 earn
1422 1303 1725 1377 iniustam,
1759 1304 1870 1363 sed
1896 1304 2167 1364 meritam
2191 1317 2265 1361 ac
2287 1302 2393 1359 de-

330 1384 516 1444 bitam
562 1384 767 1444 fuisse
796 1384 1186 1446 defenderes.
1283 1387 1520 1449 Deinde
1562 1388 1668 1464 qui
1710 1391 1887 1450 locus
1926 1405 1964 1448 a
2012 1396 2077 1449 te
2122 1394 2390 1460 praeter·

329 1466 559 1527 missus
599 1477 694 1529 est
741 1467 803 1527 in
839 1467 1252 1543 Caepionem?
1311 1472 1385 1532 Ut
1428 1481 1491 1531 tu
1535 1470 1638 1528 illa
1679 1470 1885 1530 omnia
1924 1469 2096 1540 odio,
2140 1466 2391 1540 invidia,

331 1549 753 1611 misericordia
800 1549 1140 1611 miscuisti!
1220 1554 1436 1628 Neque
1494 1553 1649 1614 haec
1712 1555 1911 1615 solum
1965 1551 2027 1612 in
2083 1550 2382 1613 defensio-

332 1650 442 1707 ne,
487 1634 600 1696 sed
650 1635 829 1695 etiam
882 1632 942 1693 in
1001 1635 1232 1698 Scauro
1279 1635 1664 1712 caeterisque
1706 1636 1861 1698 meis
1907 1637 2193 1710 testibuS,
2239 1652 2392 1710 quo·

330 1734 466 1778 rum
505 1717 853 1779 testimonia
891 1735 1014 1779 non
1057 1720 1429 1794 refellendo,
1486 1722 1599 1781 scd
1655 1721 1736 1781 ad
1778 1721 2059 1782 eumdem
2101 1719 2392 1794 impeturn

334 1800 545 1877 populi
589 1801 1001 1878 confugiendo
1045 1804 1343 1866 refutasti.
1411 1804 1554 1866 204.
1601 1805 1769 1879 Quae
1813 1820 2000 1880 quum
2033 1804 2144 1863 abs
2174 1812 2234 1864 te
2264 1818 2364 1862 mo

325 1887 412 1945 do
464 1894 1109 1962 commemorarentur,
1156 1888 1442 1965 equidem
1491 1891 1657 1951 nulla
1695 1895 2029 1965 praecepta
2082 1884 2397 1948 desidera-

331 1971 501 2040 bam3
541 1970 741 2046 ipsam
765 1980 964 2033 tamen
985 1971 1162 2034 istam
1217 1974 1794 2036 demonstrationem
1817 1971 2241 2033 defensionum
2263 1980 2396 2032 tua-

338 2055 619 2130 rum[abs
660 2065 720 2117 te
765 2054 903 2131 ipso
942 2060 1499 2136 commemoratam]
1541 2056 1879 2118 doctrinam
1929 2072 2071 2116 esse
2113 2072 2235 2116 non
2267 2071 2393 2114 me-

323 2138 604 2199 diocrem
645 2148 815 2214 puto.
875 2140 1094 2215 Atqui,
1139 2141 1190 2201 si
1232 2140 1316 2202 ita
1358 2144 1588 2216 placet,
1648 2139 1845 2217 inquit
1884 2139 2222 2213 AntoniuS,
2276 2148 2389 2199 tra-

332 2223 549 2281 demus
596 2221 806 2294 etiam,
850 2239 1010 2297 quae
1054 2240 1169 2284 nos
1217 2225 1396 2298 sequi
1425 2225 1486 2284 in
1518 2223 1782 2285 dicendo
1817 2239 2100 2300 quaeque
2130 2221 2397 2283 maxime

334 2312 614 2377 spectare
645 2307 934 2365 solemus.
991 2306 1213 2368 Docuit
1251 2306 1412 2367 enim
1443 2307 1565 2368 iam
1599 2325 1714 2369 nos
1750 2310 1932 2384 longa
1959 2306 2082 2368 vita
2114 2322 2399 2381 ususque

325 2400 533 2447 ⁴rerum
566 2387 961 2449 maximarum
976 2436 992 2463 ‚
1028 2399 1094 2451 ut
1138 2389 1362 2466 quibus
1396 2393 1583 2454 rebus
1614 2391 1799 2453 animi
1828 2390 2141 2452 hominum
2184 2406 2398 2450 move-

332 2479 541 2531 rentur
586 2479 950 2533 teneremus,

497 2553 593 2612 LI.
637 2553 779 2616 205.
822 2555 1124 2632 Equidem
1148 2557 1409 2634 primum
1441 2558 1835 2621 considerare
1859 2560 2063 2632 soleo,
2096 2557 2399 2634 postulet-

332 2654 408 2697 ne
445 2653 653 2698 causa.
715 2640 863 2699 Nam
906 2658 1107 2716 neque
1144 2643 1353 2717 parvis
1380 2642 1444 2703 in
1472 2645 1658 2704 rebus
1690 2641 2074 2703 adhibendae
2107 2651 2250 2702 sunt
2277 2640 2399 2701 hae

329 2721 575 2783 dicendi
620 2724 787 2785 faces
830 2742 1032 2800 neque
1062 2724 1146 2787 ita
1172 2726 1455 2787 animatis
1483 2726 1863 2800 hominibus,
1906 2734 1972 2787 ut
1999 2725 2146 2787 nihil
2176 2725 2257 2785 ad
2288 2739 2397 2784 eo-

329 2823 462 2865 rum
504 2816 742 2868 mentes
776 2808 1051 2871 oratione
1082 2809 1421 2871 flectendas
1452 2811 1755 2884 proficere
1783 2811 2129 2886 possimuS‚
2170 2825 2248 2868 ne
2289 2818 2396 2868 aut

328 2888 610 2949 irrisione
652 2899 755 2951 aut
796 2893 939 2955 odio
972 2893 1138 2968 digni
1168 2903 1479 2967 putemur,
1525 2892 1577 2952 si
1615 2903 1719 2955 aut
1760 2894 2109 2969 tragoedias
2137 2908 2396 2967 agamus

327 2971 387 3031 in
414 2972 592 3047 nugis
621 2984 727 3035 aut
753 2977 1100 3036 convellere
1123 2976 1474 3036 adoriamur
1495 2993 1588 3049 ea,
1622 2995 1781 3053 quae
1808 2995 1933 3039 non
1959 2976 2202 3053 possint
2228 2992 2390 3036 com·

328 3055 580 3117 moveri.
639 3058 783 3118 206.
831 3060 978 3117 Nam
1019 3058 1307 3133 quoniam
1338 3061 1491 3120 haec
1528 3063 1652 3122 fere
1684 3060 1947 3122 maxime
1976 3068 2121 3122 sunt
2146 3059 2205 3120 in
2238 3057 2398 3120 iudi-

329 3157 465 3201 cum
494 3140 711 3201 animis
748 3152 878 3212 aut,
929 3141 1299 3218 quicumque
1342 3143 1427 3204 illi
1456 3154 1658 3217 erunt,
1704 3145 1868 3221 apud
1915 3161 2074 3219 quos
2118 3159 2395 3219 agemuS,

328 3234 604 3286 oratione
632 3224 968 3297 molienda,
1012 3243 1215 3299 amor,
1257 3226 1496 3300 odium,
1547 3227 1888 3303 iracundia,
1917 3227 2174 3294 invidia,
2210 3225 2400 3287 mise-

320 3310 604 3381 ric-ordia,
620 3327 787 3386 spes,
817 3309 1064 3377 laetitia.
1079 3310 1276 3380 timor,
1307 3311 1607 3382 molestia,
1635 3354 1778 3372 .....
1802 3308 2101 3371 sentimus
2129 3325 2404 3370 amorem

321 3393 662 3466 conciliari,
713 3393 766 3454 si
816 3395 875 3455 id
910 3394 1193 3464 videare,
1248 3395 1418 3469 quod
1460 3393 1539 3454 sit
1586 3394 1733 3454 utile
1783 3393 1968 3469 ipsiS,
2019 3394 2186 3470 apud
2240 3408 2407 3468 quos

322 3490 500 3547 agas.
540 3477 908 3541 defendere:
958 3485 1064 3537 aut
1105 3476 1159 3537 si
1200 3494 1311 3546 pro
1356 3478 1536 3538 bonis
1593 3477 1740 3537 viris
1782 3485 1887 3537 aut
1932 3485 2100 3538 certe
2143 3493 2254 3551 pro
2307 3476 2409 3543 iis.
