2622 3908
706 256 853 316 LlB.
890 259 931 316 Ι.
982 257 1150 317 CAP.
1181 267 1405 319 56—57.
1453 268 1501 328 5.
1532 268 1818 318 237-244.
2224 258 2304 320 53

232 403 630 480 disertorum,
662 407 776 467 sed
797 424 912 482 par
936 408 1169 469 Galbae
1200 411 1370 471 nullo
1396 411 1582 471 modo
1612 446 1708 482 —,
1738 412 1818 471 ad
1842 418 2137 472 auctores
2161 427 2305 472 con·

234 489 476 563 fugisse
507 498 567 550 et
595 490 678 562 id,
718 492 889 565 quod
919 490 1342 569 ipsefidiceret,
1377 505 1439 555 et
1467 494 1528 554 in
1558 496 1622 554 P.
1656 495 1843 556 Mucii
1874 496 2077 556 fratris
2111 495 2207 556 sui
2240 495 2305 556 li·

231 573 361 632 bris
394 581 456 633 et
488 571 550 633 in
582 575 728 635 Sex.
756 575 916 635 Aelii
947 578 1403 639 commentariis
1434 577 1730 655 scriptum
1757 579 2097 655 protulisse
2119 596 2194 641 ac
2220 588 2305 640 ta-

234 673 376 716 men
421 659 819 719 concessisse
853 660 1084 721 Galbae
1118 663 1605 738 disputationem
1656 663 1775 724 sibi
1817 664 2200 739 probabilem
2244 672 2305 724 et

236 756 436 816 prope
480 759 690 802 veram
734 744 945 804 videri.

404 827 585 887 LVII.
633 828 774 889 241.
817 830 1114 904 Attamen,
1150 846 1314 904 quae
1345 847 1574 891 causae
1605 838 1755 892 sunt
1777 831 2100 904 eiusmodi,
2132 840 2202 892 ut
2227 833 2306 892 de

236 925 448 968 earum
480 909 614 971 iure
645 910 898 971 dubium
933 928 1077 973 esse
1110 930 1233 973 non
1258 915 1480 990 possit,
1514 915 1764 976 omnino
1797 914 1857 975 in
1880 914 2172 976 iudicium
2199 932 2304 976 vo·

236 993 363 1053 cari
396 1011 515 1055 non
548 997 775 1055 solent.
837 998 992 1056 Num
1025 996 1165 1073 quis
1191 1015 1265 1057 eo
1299 1007 1693 1071 testamento,
1729 1001 1900 1074 quod
1926 1009 2101 1075 pater
2133 998 2305 1059 fami-

236 1077 351 1137 lias
375 1086 520 1139 ante
554 1081 714 1147 fecit,
742 1097 926 1154 quam
962 1080 1018 1141 ei
1049 1081 1211 1142 filius
1247 1091 1428 1143 natus
1458 1091 1648 1153 esset,
1682 1084 2085 1145 hereditatem
2113 1083 2307 1159 petit?

235 1163 460 1236 Nemo;
506 1163 651 1237 quia
681 1172 929 1224 constat
956 1168 1356 1239 agnascendo
1389 1168 1594 1243 rumpi
1623 1176 2081 1228 testamentum.
2138 1170 2302 1243 Ergo

237 1244 295 1306 in
330 1246 450 1307 hoc
481 1263 713 1322 genere
743 1247 892 1308 iuris
926 1249 1150 1309 iudicia
1180 1253 1350 1310 nulla
1379 1260 1542 1312 sunt.
1617 1251 1789 1311 Licet
1828 1251 2013 1326 igitur
2054 1251 2305 1327 impune

237 1331 468 1391 oratori
495 1347 740 1391 omnem
764 1333 926 1393 hanc
943 1344 1176 1409 partem
1201 1333 1352 1394 iuris
1368 1334 1504 1396 sine
1524 1336 1971 1396 controversiis
1994 1335 2302 1411 ignorare,

237 1431 399 1490 quae
430 1432 577 1490 pars
608 1415 744 1476 sine
772 1416 958 1478 dubio
997 1420 1188 1478 multo
1225 1419 1494 1479 maxima
1523 1427 1648 1481 est:
1696 1419 1840 1481 242.
1886 1421 1945 1480 in
1990 1437 2066 1480 eo
2097 1426 2305 1481 autem

234 1498 385 1571 iure,
418 1501 587 1574 quod
610 1501 937 1576 ambigitur
966 1502 1124 1562 inter
1146 1503 1581 1578 peritissimOS,
1617 1521 1739 1565 non
1769 1511 1865 1565 est
1893 1504 2146 1565 difficile
2170 1521 2303 1565 ora-

238 1584 355 1643 tori
399 1584 534 1645 cius
574 1585 787 1660 partis,
821 1602 1275 1663 quamcumque
1307 1589 1630 1660 defendet,
1671 1596 1993 1649 auctorem
2032 1588 2303 1664 aliquem

236 1667 548 1741 invenire3
589 1685 628 1727 a
661 1687 784 1743 quo
818 1688 1006 1744 quum
1034 1679 1380 1732 amentatas
1414 1673 1627 1733 hastas
1659 1674 1990 1747 acceperit,
2026 1673 2163 1749 ipse
2194 1689 2302 1733 eas

237 1753 504 1813 oratoris
552 1754 797 1814 lacertis
833 1754 1192 1830 viribusque
1233 1758 1568 1831 torquebit.
1656 1756 1784 1816 Nisi
1811 1773 1978 1818 ‘vero
2014 1791 2100 1801 —-
2137 1757 2303 1816 bona

237 1837 419 1896 venia
447 1837 628 1898 huius
660 1838 876 1914 optimi
906 1839 1019 1899 viri
1048 1840 1306 1899 dixerim
1342 1875 1419 1884 —
1454 1841 1802 1901 Scaevolae
1843 1848 1909 1901 tu
1946 1840 2166 1901 libellis
2197 1849 2303 1901 aut

237 1922 589 1998 praeceptis
632 1923 832 1984 soceri
874 1924 958 1984 tui
1004 1939 1256 1984 causam
1297 1924 1398 1986 Μ’.
1436 1923 1597 1985 Curii
1643 1924 1992 1984 defendisti.
2083 1925 2303 1986 Nonne

235 2006 560 2082 adripuisti
588 2007 998 2083 patrocinium
1030 2008 1359 2084 aequitatis
1404 2015 1466 2068 et
1495 2008 1926 2068 defensionem
1968 2016 2301 2069 testamen-

240 2098 440 2151 torum
470 2108 543 2151 ac
576 2093 909 2154 voluntatis
940 2094 1365 2153 mortuorum?
1408 2092 1549 2154 244.
1587 2094 1683 2152 Ac
1713 2107 1852 2151 mea
1885 2091 2133 2166 quidem
2165 2109 2301 2152 sen-

236 2176 428 2235 tentia
455 2211 539 2222 -
571 2178 862 2252 frequens
893 2176 1054 2237 enim
1090 2187 1148 2237 te
1177 2174 1386 2237 audivi
1419 2183 1610 2251 atque
1639 2175 1810 2236 adfui
1842 2210 1920 2220 —
1954 2179 2146 2237 multo
2179 2194 2302 2236 ma·

237 2260 427 2320 iorem
459 2268 697 2339 partem
729 2261 1171 2339 sententiarum
1203 2264 1337 2322 sale
1360 2269 1467 2322 tuo
1499 2268 1562 2322 et
1583 2263 1800 2337 lepore
1830 2268 1892 2321 et
1916 2261 2301 2336 politissimis

236 2343 475 2405 facetiis
507 2346 835 2420 pellexisti,
869 2363 1054 2422 quum
1089 2353 1150 2406 et
1180 2346 1330 2407 illud
1362 2346 1612 2407 nimium
1636 2362 1895 2406 acumen
1918 2346 2212 2408 illuderes
2242 2355 2305 2407 et

234 2428 613 2490 admirarere
635 2429 945 2505 ingenium
965 2430 1334 2500 Scaevolae,
1363 2430 1467 2505 qui
1489 2427 1913 2505 excogitasset
1934 2431 2109 2491 nasci
2130 2431 2301 2507 prius

237 2521 534 2589 oportere
567 2531 751 2589 quam
784 2514 1008 2587 emori;
1044 2531 1359 2589 quumque
1382 2517 1574 2574 multa
1598 2514 1929 2590 colligeres
1962 2522 2023 2576 et
2052 2531 2129 2575 ex
2154 2515 2301 2591 legi·

236 2600 352 2659 bus
379 2606 441 2659 et
468 2614 545 2658 ex
569 2606 824 2668 senatus
863 2598 1161 2659 consultis
1197 2606 1260 2658 et
1293 2614 1375 2658 ex
1410 2599 1537 2658 vita
1566 2614 1641 2657 ac
1672 2614 1963 2660 sermone
1993 2601 2304 2661 communi

235 2701 359 2744 non
391 2684 580 2743 modo
610 2692 810 2755 acute,
843 2684 958 2745 sed
992 2682 1170 2743 etiam
1203 2681 1460 2742 ridicule
1488 2697 1563 2741 ac
1601 2683 1822 2753 facete,
1867 2682 1972 2743 ubi
2003 2684 2057 2743 si
2087 2686 2300 2760 verba,

235 2784 358 2828 non
391 2784 521 2827 rem
552 2784 976 2841 sequeremur,
1007 2766 1233 2827 confici
1256 2765 1401 2826 nihil
1435 2776 1672 2841 posset.
1734 2767 1953 2839 Itaque
1978 2766 2301 2829 hilaritatis

234 2855 484 2927 plenum
515 2851 805 2912 iudicium
830 2869 902 2912 ac
934 2851 1197 2912 laetitiae
1226 2850 1371 2923 fuit;
1404 2850 1464 2911 in
1498 2865 1624 2924 quo
1664 2848 1812 2923 quid
1843 2848 1954 2910 tibi
1984 2850 2133 2911 iuris
2161 2849 2300 2911 civi-

235 2938 306 2997 lis
340 2936 702 2997 exercitatio
740 2939 1072 3013 profuerit,
1117 2951 1242 2995 non
1273 2935 1582 3009 intellig-03
1629 2934 1877 2995 dicendi
1916 2936 2012 2995 vis
2051 2935 2303 3012 egregia

231 3039 470 3082 summa
502 3021 837 3082 festivitate
869 3029 931 3081 et
962 3028 1289 3081 venustate
1314 3019 1644 3081 coniuncta
1675 3019 1926 3094 profuit.
1983 3019 2125 3080 244.
2159 3021 2304 3095 Ipse

230 3106 333 3167 ille
365 3105 605 3167 Mucius
641 3104 883 3180 paterni
920 3103 1068 3165 iuris
1102 3105 1401 3165 defensor
1442 3111 1503 3164 et
1548 3103 1727 3180 quasi
1766 3103 2117 3179 patrimonii
2162 3120 2299 3178 pro·

227 3198 542 3267 pugnator
572 3189 686 3262 sui,
721 3189 870 3265 quid
899 3187 958 3248 in
991 3189 1093 3249 illa
1124 3204 1333 3259 causa,
1367 3205 1556 3262 quum
1589 3195 1808 3248 contra
1841 3197 1900 3248 te
1925 3188 2180 3263 diceret,
2215 3195 2300 3247 at·

230 3276 384 3347 tulit,
418 3275 587 3351 quod
630 3275 710 3335 de
741 3275 874 3336 iure
909 3271 1077 3333 civili
1106 3273 1545 3348 depromptum
1592 3272 1947 3332 videretur?
2002 3288 2185 3346 quam
2218 3273 2301 3332 le·
2384 3317 2393 3328 .

227 3377 368 3438 gem
402 3358 723 3420 recitavit?
768 3358 915 3434 quid
949 3357 1242 3433 patefecit
1271 3357 1559 3429 dicendo,
1603 3356 1775 3431 quod
1803 3355 2027 3416 fuisset
2058 3355 2300 3432 imperi·

228 3446 306 3506 tis
342 3443 686 3506 occultius?
714 3442 949 3518 Nempe
974 3440 1109 3502 eius
1142 3441 1343 3502 omnis
1377 3440 1575 3502 oratio
1610 3446 1861 3499 versata
1892 3446 1988 3500 est
2017 3439 2078 3500 in
2109 3457 2205 3512 eo,
2235 3449 2303 3502 ut

226 3529 530 3604 scriptum
560 3528 891 3604 plurimum
925 3528 1134 3587 valere
1179 3532 1476 3602 oportere
1509 3525 1892 3585 defenderet.
1966 3526 2051 3587 At
2088 3525 2148 3585 in
2183 3526 2300 3587 hoc
