2622 3908
320 258 441 321 148
1077 256 1178 315 DE
1218 255 1582 316 ORATORE

318 411 514 486 gloria
541 407 919 483 mitigantur,
964 423 1292 483 pergamus
1323 407 1404 468 ad
1434 423 1510 466 ea
1539 406 1790 478 solacia,
1836 423 1998 482 quae
2037 424 2161 468 non
2204 409 2394 469 modo

320 491 551 554 sedatis
590 490 887 552 molestiis
926 489 1223 564 iucunda,
1285 492 1400 551 sed
1440 488 1622 551 etiam
1660 489 2054 551 haerentibus
2101 489 2393 552 salutaria

317 576 497 638 nobis
546 592 691 638 esse
740 573 1014 650 possint;
1092 591 1565 648 sermonemque
1613 575 1679 634 L.
1725 573 1931 634 Crassi
1972 573 2275 650 reliquum
2317 591 2395 636 ac

317 676 517 738 paene
546 666 923 735 postremum
954 656 1284 719 memoriae
1315 659 1671 735 prodamus,
1703 667 1888 732 atque
1911 656 1988 733 ei,
2020 657 2135 718 etsi
2159 675 2394 734 nequa·

321 760 505 820 quam
550 759 760 818 parem
802 741 964 801 illius
995 740 1274 816 ingeni0,
1317 751 1380 802 at
1408 758 1520 816 pro
1551 750 1765 803 nostro
1796 749 1996 802 tamen
2030 741 2233 803 studio
2264 759 2393 803 me·

316 832 494 888 ritam
522 826 776 902 gratiam
806 825 1198 900 debitamque
1226 826 1585 886 referamus.
1645 824 1745 887 15.
1789 825 2004 900 Neque
2035 825 2196 884 enim
2221 824 2393 900 quis-

322 928 504 987 quam
535 919 844 982 ῐιοειηιπι,
892 926 1078 982 quum
1109 908 1299 969 libros
1329 907 1596 970 Platonis
1626 907 1980 969 mirabiliter
2007 907 2275 985 scriptos
2302 910 2395 970 le·

318 994 431 1071 git,
464 995 525 1054 in
559 993 784 1070 quibus
816 993 1098 1053 omnibus
1124 994 1253 1054 fere
1279 992 1568 1053 Socrates
1593 991 1971 1067 exprimitur,
2000 1007 2143 1064 non,
2179 1009 2394 1067 quam-

322 1095 504 1155 quam
547 1077 650 1137 illa
693 1075 922 1151 scripta
965 1084 1109 1137 sunt
1148 1075 1469 1148 divinituS,
1515 1083 1716 1136 tamen
1759 1075 1958 1137 maius
1991 1074 2282 1151 quiddam
2312 1077 2397 1137 de

317 1160 454 1234 illo,
484 1163 564 1222 de
594 1176 717 1237 quo
748 1158 977 1235 scripta
1006 1168 1175 1235 sunt,
1208 1159 1592 1236 suspicatur:
1662 1160 1825 1233 quod
1854 1158 1997 1221 item
2027 1176 2144 1220 nos
2175 1168 2393 1236 postu-

319 1246 519 1306 lamus
551 1261 671 1305 non
704 1259 742 1304 a
769 1251 830 1304 te
859 1242 1138 1318 quidem,
1172 1243 1278 1319 qui
1306 1244 1487 1305 nobis
1518 1242 1723 1303 omnia
1753 1260 1991 1303 summa
2012 1243 2246 1318 tribuiS,
2276 1245 2397 1304 sed

320 1345 356 1388 a
388 1329 677 1401 caeteris,
713 1327 818 1402 qui
846 1327 1000 1388 haec
1028 1327 1090 1386 in
1120 1344 1340 1389 manus
1371 1337 1642 1400 sument,
1672 1325 1871 1387 maius
1901 1336 1969 1388 ut
1992 1326 2285 1402 quiddam
2311 1327 2396 1388 de

318 1413 385 1471 L.
419 1412 672 1482 Crasso,
722 1426 903 1486 quam
936 1420 1227 1486 quantum
1256 1428 1291 1471 a
1324 1410 1504 1471 nobis
1534 1410 1936 1486 exprimetur,
1980 1411 2393 1486 suspicentur.

323 1494 421 1555 16.
464 1496 591 1555 Nos
631 1493 823 1566 enim,
871 1493 977 1568 qui
1018 1494 1140 1568 ipsi
1183 1494 1451 1556 sermoni
1492 1511 1617 1556 non
1646 1493 2137 1554 interfuissemus
2167 1503 2228 1555 et
2256 1493 2394 1569 qui-

319 1578 436 1637 bus
467 1577 532 1637 C.
567 1578 739 1638 Cotta
765 1578 1184 1638 tantummodo
1216 1579 1392 1639 locos
1423 1594 1497 1638 ac
1534 1576 1871 1639 sententias
1902 1577 2085 1639 huius
2114 1577 2395 1654 disputa-

319 1659 502 1722 tionis
544 1660 929 1734 tradidisset,
978 1678 1103 1736 quo
1145 1660 1206 1720 in
1250 1677 1476 1737 genere
1508 1660 1802 1723 orationis
1831 1671 2157 1736 utrumque
2188 1668 2395 1722 orato-

320 1761 447 1806 rem
507 1758 1027 1821 cognoveramuS,
1085 1745 1147 1805 id
1202 1744 1405 1821 ipsum
1459 1762 1671 1806 sumus
1720 1745 1782 1805 in
1833 1762 2045 1806 eorum
2104 1761 2398 1806 sermone

320 1829 684 1890 adumbrare
729 1828 952 1889 conati.
1042 1829 1272 1903 Quodsi
1319 1829 1458 1904 quis
1503 1829 1643 1903 erit,
1689 1829 1794 1905 qui
1835 1831 2056 1907 ductus
2100 1827 2396 1904 opinione

320 1913 486 1989 vulgi
514 1922 620 1975 aut
648 1912 978 1975 Antonium
1007 1912 1367 1975 ieiuniorem
1397 1922 1500 1975 aut
1521 1915 1810 1976 Crassum
1834 1913 2168 1990 pleniorem
2196 1912 2397 1975 luisse

322 2006 522 2075 putet,
568 2014 749 2073 quam
795 1999 1107 2072 quomodo
1138 2015 1177 2057 a
1202 1998 1383 2059 nobis
1411 2007 1673 2073 uterque
1699 1997 1985 2078 inductus
2014 2009 2138 2073 est,
2183 1999 2238 2061 is
2279 1997 2397 2063 erit

321 2099 401 2143 ex
443 2081 554 2152 iis,
597 2080 701 2156 qui
743 2089 848 2143 aut
885 2081 1025 2143 illos
1055 2099 1179 2144 non
1209 2082 1512 2143 audierint
1539 2091 1644 2143 aut
1672 2082 1949 2143 iudicare
1974 2101 2098 2145 non
2128 2082 2395 2160 possint.

318 2166 468 2225 Nam
528 2157 642 2221 fuit
691 2169 982 2232 uterque,
1029 2166 1098 2217 ut
1142 2159 1411 2232 exposui
1453 2168 1664 2232 antea,
1718 2178 1907 2236 quum
1957 2170 2163 2229 studio
2206 2178 2266 2230 et
2299 2166 2388 2228 in·

321 2246 507 2323 genio
534 2256 594 2308 et
623 2248 899 2308 doctrina
929 2256 1254 2323 praestans
1286 2248 1568 2309 omnibus
1598 2258 1724 2310 tum
1752 2247 1813 2308 in
1850 2266 1965 2310 suo
1994 2266 2222 2325 genere
2250 2268 2394 2327 per-

322 2331 550 2403 sectuS,
599 2339 666 2390 ut
704 2347 908 2403 neque
949 2328 1010 2389 in
1051 2329 1321 2392 Antonio
1366 2332 1617 2393 deesset
1657 2331 1757 2392 hic
1798 2342 2053 2394 ornatus
2093 2334 2395 2395 orationis

321 2429 526 2489 neque
556 2412 617 2473 in
649 2413 873 2473 Crasso
903 2413 1293 2475 redundaret.

489 2498 566 2553 V.
612 2493 712 2558 17.
756 2497 836 2556 Ut
864 2496 1046 2572 igitur
1072 2507 1213 2559 ante
1242 2497 1557 2560 meridiem
1587 2498 2008 2561 discesserunt
2028 2500 2395 2575 paullulum-

325 2596 445 2656 que
475 2578 856 2655 requierunt,
887 2579 947 2641 in
981 2581 1194 2657 primis
1223 2583 1344 2643 hoc
1373 2601 1410 2642 a
1441 2601 1510 2643 se
1535 2584 1706 2644 Cotta
1729 2581 2223 2645 animadversum
2246 2600 2398 2646 esse

321 2664 593 2739 dicebat,
624 2681 805 2725 omne
832 2664 982 2726 illud
1013 2676 1255 2741 tempus
1280 2666 1677 2727 meridianum
1705 2668 1992 2728 Crassum
2011 2669 2072 2727 in
2095 2666 2399 2729 acerrima

323 2757 509 2824 atque
539 2747 944 2829 attentissima
973 2749 1342 2825 cogitatione
1372 2749 1666 2825 posuisse
1698 2768 1994 2826 seseque,
2026 2750 2133 2827 qui
2159 2754 2390 2811 vultun‘«

322 2832 485 2905 eiuS,
520 2851 705 2908 quum
735 2833 793 2895 ei
822 2833 1148 2894 dicendum
1178 2842 1377 2907 esset,
1420 2835 1820 2910 obtutumque
1850 2837 2167 2897 oculorum
2195 2832 2257 2894 in
2288 2851 2391 2895 co-

321 2916 570 2990 gitando
603 2917 795 2991 probe
824 2926 1040 2978 nosset
1066 2927 1252 2993 atque
1273 2916 1336 2977 in
1361 2917 1640 2979 maximis
1665 2918 1874 2979 causis
1899 2936 2091 2992 saepe
2113 2917 2379 2979 vidisset

320 3016 449 3061 tum
507 2999 714 3060 dedita
762 3017 954 3075 opera
994 2999 1456 3075 quiescentibus
1495 3000 1631 3062 aliis
1673 3000 1733 3062 in
1768 3017 1900 3061 eam
1927 3003 2264 3063 exhedram
2287 3018 2392 3061 ve·

320 3083 522 3158 nisse,
570 3084 629 3142 in
675 3101 797 3158 qua
826 3085 1084 3144 Crassus
1111 3086 1321 3161 posito
1368 3090 1597 3147 lectulo
1620 3081 2036 3158 recubuisset,
2079 3101 2398 3158 quumque

323 3183 462 3228 eum
492 3166 552 3228 in
586 3166 954 3242 cogitatione
982 3168 1252 3227 defixum
1282 3185 1427 3228 esse
1458 3165 1789 3241 sensisset,
1819 3167 2021 3229 statim
2050 3167 2397 3231 recessisse

323 3260 509 3326 atque
545 3249 606 3310 in
643 3268 717 3311 eo
741 3249 981 3312 silentio
1008 3251 1161 3310 duas
1186 3251 1372 3312 horas
1399 3253 1529 3312 lere
1547 3269 1691 3312 esse
1714 3260 2155 3328 comsumptas.
2212 3250 2397 3311 Dein-

324 3334 403 3393 de
446 3351 632 3409 quum
675 3352 889 3396 omnes
933 3333 1223 3396 inclinato
1255 3333 1376 3394 iam
1406 3334 1467 3394 in
1496 3333 1987 3410 pomeridianum
2015 3345 2261 3411 tempus
2295 3333 2398 3395 die

323 3416 645 3478 venissent
676 3419 754 3477 ad
781 3419 1098 3479 Crassum:
1146 3416 1301 3492 Quid
1338 3427 1450 3491 est,
1481 3418 1722 3493 Crasse,
1753 3416 1949 3494 inquit
1969 3418 2179 3494 luliuS,
2208 3417 2396 3480 imus-

328 3515 403 3556 ne
435 3508 722 3559 sessum?
762 3500 876 3561 etsi
907 3500 1282 3563 admonitum
1309 3501 1590 3564 venimus
1621 3512 1708 3574 te,
1739 3519 1862 3563 non
1896 3501 2252 3576 flagitatum.
2296 3501 2378 3566 18
