2622 3908
765 238 1036 297 LIB.111.
1081 239 1467 299 CAP.2--4.
1513 248 1809 304 §.s—14.
2199 237 2316 301 147

245 406 312 450 m
353 389 446 449 eis
493 387 649 464 ipsis
686 388 959 463 RostriS,
999 388 1061 449 in
1108 389 1331 464 quibus
1376 387 1477 449 ille
1517 405 1645 449 rem
1689 389 1993 465 publicam
2036 398 2319 452 constan-

249 470 486 533 tissime
561 472 778 533 consul
856 472 1215 533 defenderat
1283 488 1567 548 quaeque
1628 489 1850 535 censor
1913 474 2318 551 imperatoriis

247 554 555 616 manubiis
610 562 884 628 ornarat,
948 557 1215 630 positum
1257 564 1443 631 caput
1483 556 1632 617 illud
1676 556 1815 630 fuit,
1869 574 1906 617 a
1965 575 2089 634 quo
2147 568 2320 620 erant

246 641 575 700 multorum
616 638 841 700 civium
885 638 1086 714 capita
1128 648 1391 700 servata.
1459 641 1673 715 Neque
1714 657 1863 701 vero
1908 643 2091 717 longe
2126 644 2203 703 ab
2242 659 2318 703 eo

247 724 313 784 C.
341 721 476 783 Iulii
507 732 694 798 caput
721 722 983 796 hospitis
1010 722 1253 784 Etrusci
1299 725 1535 785 scelere
1571 723 1877 800 proditum
1912 742 2049 786 cum
2082 727 2148 785 L.
2185 725 2319 786 Iulii

248 806 454 867 fratris
497 807 698 881 capite
740 804 957 881 iacuit,
1000 816 1066 868 ut
1107 805 1236 880 ille,
1282 806 1387 882 qui
1416 808 1568 867 haec
1599 824 1721 868 non
1755 806 1934 882 vidit,
1979 817 2040 869 et
2083 807 2319 869 vixisse

249 907 388 951 cum
429 906 497 949 re
550 888 800 964 publica
833 891 1061 964 pariter
1089 898 1149 949 et
1177 906 1316 951 cum
1345 890 1447 949 illa
1476 889 1654 952 simul
1685 892 2023 953 exstinctus
2059 908 2203 952 esse
2230 891 2316 951 vi-

248 975 480 1034 deatur.
543 974 757 1048 Neque
781 972 942 1032 enim
964 972 1381 1049 propinquum
1404 991 1600 1049 suum,
1627 974 1873 1036 maximi
1894 974 2079 1035 animi
2104 975 2319 1047 virum,

247 1057 308 1116 P.
343 1058 660 1130 Crassum,
711 1065 928 1131 suapte
969 1056 1353 1118 interfectum
1398 1075 1581 1118 manu
1636 1076 1839 1133 neque
1884 1060 2158 1135 collegae
2203 1057 2318 1133 sui,

246 1139 559 1217 pontificis
604 1139 881 1212 maximi,
929 1140 1226 1215 sanguine
1271 1141 1658 1203 simulacrum
1688 1144 1918 1203 Vestae
1962 1160 2313 1217 respersum

245 1241 392 1285 esse
420 1222 600 1294 vidit3
638 1222 736 1285 cui
767 1223 1057 1297 maerori,
1092 1242 1214 1299 qua
1241 1233 1443 1286 mente
1471 1224 1572 1285 ille
1602 1225 1662 1284 in
1693 1226 1951 1301 patriam
1978 1226 2107 1302 suit,
2137 1225 2315 1287 etiam

245 1309 310 1369 C.
344 1306 672 1379 CarboniS,
713 1306 1116 1367 inimicissimi
1147 1308 1443 1383 hominiS‚
1484 1311 1702 1370 eodem
1736 1313 1839 1372 illo
1863 1313 1964 1371 die
1988 1326 2156 1369 mors
2180 1310 2312 1368 fuis·

242 1403 342 1455 set
396 1396 647 1456 nefaria.
755 1390 854 1451 11.
896 1392 1029 1451 Non
1075 1391 1226 1452 vidit
1254 1409 1465 1453 eorum
1496 1392 1802 1469 ipsorum,
1851 1393 1953 1469 qui
2000 1402 2124 1455 tum
2168 1395 2313 1453 ado-

244 1478 555 1537 lescentes
600 1475 825 1536 Crasso
873 1491 943 1534 se
987 1473 1289 1549 dicarant,
1335 1475 1659 1538 horribiles
1691 1476 2080 1554 miserosque
2110 1495 2312 1539 casus.

243 1560 337 1618 Ex
383 1557 607 1634 quibus
641 1560 702 1619 C.
735 1558 936 1630 Cotta,
986 1577 1167 1634 quem
1210 1559 1309 1620 ille
1343 1560 1663 1623 florentem
1692 1559 2050 1637 reliquerat,
2097 1560 2315 1637 paucis

244 1642 466 1703 diebus
512 1650 656 1718 post
695 1651 950 1703 mortem
981 1642 1187 1704 Crassi
1217 1645 1516 1719 depulsus
1549 1663 1659 1720 per
1688 1645 1978 1707 invidiam
2012 1645 2314 1706 tribunatu

245 1742 371 1786 non
414 1725 617 1787 multis
663 1728 740 1787 ab
785 1742 860 1788 eo
904 1735 1181 1802 tempore
1226 1728 1541 1788 mensibus
1587 1729 1820 1789 eiectus
1851 1739 2010 1789 este
2041 1728 2310 1788 civitate:

244 1809 556 1886 Sulpicius
585 1819 818 1884 autem,
854 1809 959 1886 qui
990 1812 1049 1870 in
1082 1811 1297 1871 eadem
1328 1810 1595 1870 invidiae
1624 1811 1867 1871 flamma
1902 1810 2152 1885 suisset,
2185 1810 2312 1885 qui—

241 1896 505 1957 buscum
544 1893 818 1971 privatus
856 1892 1358 1956 coniunctissime
1401 1892 1666 1967 vixerat,
1720 1894 1836 1954 hos
1892 1893 1953 1954 in
2007 1893 2316 1954 tribunatu

242 1978 515 2054 spoliare
559 1977 816 2040 instituit
858 1978 1021 2038 omni
1065 1977 1389 2053 dignitate3
1447 1976 1543 2038 cui
1602 1977 1850 2053 quidem
1893 1980 1973 2038 ad
2017 1995 2314 2039 summam

240 2062 499 2138 gloriam
535 2061 924 2138 eloquentiae
958 2061 1374 2123 efflorescenti
1407 2063 1567 2123 ferro
1591 2069 1802 2137 erepta
1821 2060 1945 2122 vita
1966 2070 2063 2122 est
2083 2069 2145 2122 et
2168 2077 2314 2136 poe-

241 2164 323 2207 na
367 2145 722 2207 temeritatis
765 2162 889 2207 non
933 2144 1067 2207 sine
1095 2162 1317 2221 magno
1346 2144 1434 2207 rei
1464 2144 1747 2222 publicae
1778 2146 1936 2206 malo
1969 2146 2312 2206 constituta.

243 2229 343 2292 12.
387 2230 519 2304 Ego
550 2246 698 2291 vero
731 2239 822 2302 te,
871 2230 1123 2304 Crasse,
1171 2248 1357 2305 quum
1399 2229 1558 2292 vitae
1598 2229 1751 2291 flore
1794 2239 1918 2290 tum
1961 2227 2173 2290 mortis
2205 2246 2313 2305 op·

243 2312 615 2392 portunitate
658 2311 869 2375 divino
913 2313 1173 2376 consilio
1217 2323 1277 2375 et
1321 2324 1518 2376 ortum
1559 2324 1619 2376 et
1652 2315 2019 2375 exstinctum
2047 2329 2191 2372 esse
2219 2330 2312 2372 ar-

242 2399 452 2461 bitror.
507 2400 658 2458 Nam
698 2397 805 2459 tibi
846 2407 950 2459 aut
991 2416 1102 2473 pro
1141 2397 1359 2460 virtute
1386 2398 1570 2459 animi
1601 2399 2067 2474 constantiaque
2095 2414 2200 2458 tua
2231 2395 2312 2458 ci·

243 2482 380 2543 vilis
425 2482 567 2544 ferri
597 2481 919 2543 subeunda
951 2481 1060 2543 l‘uit
1089 2482 1418 2543 crudelitas
1449 2491 1580 2554 aut,
1628 2480 1680 2542 si
1722 2499 1844 2557 qua
1873 2492 1931 2543 te
1965 2484 2205 2543 fortuna
2234 2481 2311 2541 ab

239 2566 559 2629 atrocitate
585 2567 799 2628 mortis
827 2563 1236 2638 vindicasset,
1266 2566 1482 2625 eadem
1514 2581 1659 2624 esse
1688 2575 1747 2624 te
1776 2567 2053 2626 funerum
2076 2563 2311 2641 patriae

240 2658 651 2727 spectatorem
691 2648 1028 2725 coegisset,
1064 2664 1267 2723 neque
1297 2650 1496 2707 solum
1527 2646 1634 2707 tibi
1668 2646 2082 2722 improborum
2119 2647 2308 2708 domi-

240 2743 454 2808 natuS,
485 2735 598 2795 sed
627 2733 811 2795 etiam
840 2741 1093 2809 propter
1121 2731 1452 2791 admixtam
1482 2729 1704 2790 civium
1738 2731 1989 2789 caedem
2011 2731 2310 2789 bonorum

242 2817 498 2880 victoria
528 2816 792 2879 maerori
825 2815 1062 2878 suisset.
1149 2818 1251 2875 IV.
1303 2815 1401 2876 13.
1443 2813 1590 2873 Mihi
1623 2813 1900 2888 quidem,
1944 2812 2161 2887 Quinte
2191 2813 2308 2873 sra-

241 2911 349 2975 ter,
380 2911 441 2962 et
470 2919 682 2962 eorum
713 2918 919 2973 casuS,
951 2901 1030 2960 de
1061 2901 1282 2975 quibus
1313 2908 1454 2960 ante
1483 2898 1627 2969 dixi,
1662 2906 1723 2957 et
1750 2914 1841 2970 ea,
1881 2914 2038 2972 quae
2070 2905 2311 2958 nosmet

237 2984 361 3062 ipsi
405 2986 485 3045 ob
515 3002 787 3047 amorem
816 2984 876 3044 in
906 3000 1034 3043 rem
1065 2983 1374 3059 publicam
1404 2980 1821 3042 incredibilem
1850 2990 1911 3042 et
1940 2982 2307 3056 singularem

237 3068 598 3145 pertulimus
643 3086 715 3130 ac
760 3066 1094 3140 sensimuS,
1142 3066 1428 3142 cogitanti
1469 3064 1770 3127 sententia
1812 3081 2001 3140 saepe
2031 3074 2135 3126 tua
2159 3081 2309 3124 vera

235 3168 310 3213 ac
349 3151 600 3228 sapiens
638 3151 836 3213 videri
868 3153 1052 3222 solet,
1104 3150 1206 3226 qui
1237 3160 1491 3227 propter
1517 3159 1633 3222 tot,
1680 3158 1879 3210 tantos
1916 3157 2036 3209 tam
2073 3146 2304 3223 praeci-

236 3235 525 3312 pitesque
556 3253 743 3298 casus
774 3233 1251 3296 clarissimorum
1279 3233 1591 3294 hominum
1620 3242 1807 3307 atquo
1829 3232 2192 3305 optimorum
2216 3229 2303 3290 vi-

233 3337 443 3382 rorum
486 3338 583 3381 me
614 3336 860 3395 semper
887 3319 963 3378 ab
996 3317 1158 3380 omni
1190 3319 1578 3379 contentione
1607 3333 1679 3376 ac
1708 3313 2096 3375 dimicatione
2125 3330 2303 3375 revo-

235 3404 408 3466 casti.
486 3403 584 3465 14.
631 3403 756 3463 Sed
800 3402 1090 3479 quoniam
1135 3403 1287 3462 haec
1331 3401 1449 3462 iam
1494 3416 1696 3473 neque
1741 3397 1800 3458 in
1844 3398 2080 3473 integro
2123 3396 2303 3460 nobis

233 3504 380 3549 esse
433 3499 696 3564 possunt
744 3495 806 3548 et
857 3484 1077 3548 summi
1118 3486 1363 3546 labores
1411 3481 1602 3545 nostri
1651 3498 1887 3604 magna⁴¹
1922 3480 2300 3559 compensati

1778 3575 1842 3624 10
