2622 3908
293 207 378 270 80
1074 207 1174 265 DE
1221 204 1584 266 ORATORE

296 357 674 422 confirmavit
716 367 901 434 atque
942 356 1123 418 etiam
1165 354 1431 431 addidit,
1471 355 1702 432 gratiae
1743 355 1980 417 scilicet
2008 373 2226 431 causa,
2270 375 2363 419 me

296 458 546 520 quoque
591 440 707 502 sibi
750 440 1103 517 magistrum
1150 442 1435 502 futurum.
1514 439 1637 500 Vix
1690 457 1888 501 annus
1933 439 2367 503 intercesserat

293 528 370 587 ab
402 527 521 587 hoc
551 541 838 586 sermone
866 523 1303 586 cohortationis
1338 540 1541 597 meae,
1589 541 1777 600 quum
1810 523 1928 584 iste
1957 523 2270 585 accusavit
2301 524 2363 586 C.

292 611 674 683 Norbanum,
708 610 1076 670 defendente
1105 625 1222 669 me.
1277 608 1414 669 Non
1444 615 1541 669 est
1570 605 1861 669 credibile
1895 606 2043 682 quid
2065 608 2367 670 interesse

296 692 439 754 mihi
482 692 560 756 sit
600 693 800 754 visum
841 693 999 754 inter
1037 709 1206 766 eum,
1264 690 1370 767 qui
1418 699 1544 752 tum
1591 700 1721 752 erat
1770 701 1832 753 et
1873 689 1978 766 qui
2020 708 2181 752 anno
2227 700 2368 752 ante

297 780 508 840 fuerat.
568 775 825 837 Omnino
860 775 922 837 in
952 775 1102 837 illud
1131 791 1327 851 genus
1359 793 1498 837 eum
1529 774 1734 836 Crassi
1768 773 2159 850 magnificum
2180 783 2368 852 atque

295 863 677 939 praeclarum
706 869 922 921 natura
948 859 1085 935 ipsa
1116 859 1409 930 ducebat,
1456 860 1569 919 sed
1611 875 1686 919 ea
1727 876 1850 920 non
1881 857 2030 919 satis
2062 860 2368 935 proficere

295 944 628 1022 potuisset,
673 942 791 1005 nisi
821 945 1040 1006 eodem
1070 943 1272 1004 studio
1305 952 1490 1018 atque
1520 940 1855 1004 imitatione
1885 941 2253 1004 intendisset
2281 941 2368 1005 atss

296 1045 417 1106 que
445 1030 526 1090 ita
549 1027 754 1089 dicere
780 1036 1178 1102 consuesset,
1212 1035 1284 1088 ut
1302 1035 1430 1088 tota
1452 1035 1655 1087 mente
1678 1027 1969 1088 Crassum
1991 1036 2176 1102 atque
2201 1025 2368 1088 omni

295 1112 495 1173 animo
514 1128 519 1132 ·
539 1110 892 1174 intueretur.
948 1111 1129 1171 XXII.
1175 1110 1277 1172 90.
1322 1111 1484 1185 Ergo
1526 1110 1647 1171 hoc
1690 1108 1770 1171 sit
1808 1109 2070 1186 primum
2097 1109 2159 1170 in
2190 1127 2358 1187 prae-

297 1195 493 1272 ceptis
522 1194 709 1270 meiS,
737 1203 804 1256 ut
833 1194 1355 1269 demonstremuS,
1388 1209 1570 1269 quem
1599 1191 1890 1268 imitetur,
1923 1203 2107 1269 atque
2137 1192 2251 1269 ita,
2283 1204 2366 1270 ut,

298 1297 456 1355 quae
486 1277 750 1340 maxime
780 1279 1081 1340 excellent
1107 1277 1169 1338 in
1199 1295 1307 1353 eo,
1343 1294 1525 1353 quem
1548 1275 1904 1352 imitabitur,
1934 1293 2009 1337 ea
2032 1276 2365 1354 diligentis-

297 1364 450 1427 sime
482 1371 904 1439 persequatur.
961 1363 1110 1423 Tum
1138 1361 1395 1422 accedat
1415 1359 1789 1436 exercitatio,
1823 1377 1946 1436 qua
1966 1361 2151 1435 illum,
2186 1378 2367 1437 quem

298 1445 618 1522 delegerit,
665 1445 956 1506 imitando
1003 1447 1252 1521 effingat
1293 1454 1481 1520 atque
1523 1442 1855 1519 exprimat,
1895 1461 2018 1506 non
2049 1452 2115 1507 ut
2140 1446 2367 1508 multos

298 1529 629 1591 imitatores
661 1545 852 1605 saepe
882 1527 1174 1604 cognovi,
1214 1526 1321 1604 qui
1350 1536 1455 1589 aut
1482 1544 1587 1602 ea,
1633 1544 1793 1603 quae
1823 1527 2025 1589 facilia
2054 1537 2223 1604 sunt,
2266 1537 2372 1592 au't

298 1612 478 1675 etiam
508 1611 642 1687 illa,
688 1628 847 1689 quae
876 1610 1138 1688 insignia
1165 1628 1238 1672 ac
1269 1628 1468 1687 paene
1490 1608 1747 1686 vitiosa,
1779 1620 2211 1674 consectantur
2237 1611 2368 1672 imi-

299 1697 502 1758 tando.
561 1694 662 1757 91.
703 1694 862 1756 Nihil
891 1704 986 1756 est
1016 1694 1283 1771 facilius,
1330 1712 1515 1772 quam
1553 1694 1835 1756 amictum
1863 1694 2081 1756 imitari
2109 1695 2369 1758 alicuius

299 1790 403 1844 aut
433 1788 655 1842 statum
684 1788 795 1847 aut,
815 1788 1062 1840 motum.
1121 1779 1187 1840 Si
1226 1796 1377 1841 vero
1421 1778 1605 1842 etiam
1638 1776 1843 1839 vitiosi
1873 1777 2107 1855 aliquid
2137 1788 2261 1854 est,
2306 1780 2371 1840 id

300 1881 543 1927 sumere
596 1873 658 1926 et
709 1864 771 1924 in
822 1881 898 1925 eo
955 1862 1242 1926 vitiosum
1283 1880 1428 1925 esse
1470 1881 1593 1924 non
1634 1879 1920 1937 magnum
1960 1871 2087 1936 est,
2142 1872 2210 1926 ut
2248 1862 2369 1942 ille,

300 1947 407 2027 qui
435 1966 598 2011 nunc
628 1949 827 2023 etiam,
861 1948 1088 2010 amissa
1117 1966 1290 2024 voce,
1325 1946 1465 2009 furit
1492 1947 1650 2009 in‘re
1675 1945 1937 2025 publica,
1970 1949 2200 2027 Fufius,
2231 1970 2368 2013 ner-

303 2051 414 2095 vos
443 2032 505 2094 in
536 2032 797 2095 dicendo
832 2034 893 2094 C.
921 2031 1255 2104 Fimbriae,
1289 2049 1448 2108 quos
1478 2041 1679 2094 tamen
1711 2033 1921 2095 habuit
1947 2033 2078 2110 ille,
2109 2053 2231 2097 non
2261 2038 2368 2097 ad·

302 2116 607 2193 sequitur,
654 2117 779 2179 oris
824 2116 1183 2193 pravitatem
1226 2124 1287 2177 et
1328 2117 1654 2177 verborum
1683 2116 2059 2178 latitudinem
2086 2118 2370 2181 imitatur.

301 2201 428 2260 Sed
458 2210 655 2261 tamen
684 2200 786 2261 ille
816 2216 931 2259 nec
960 2198 1230 2274 deligere
1261 2199 1470 2272 scivit,
1518 2202 1692 2261 cuius
1734 2200 2119 2276 potissimum
2152 2201 2366 2264 similis

299 2291 495 2350 esset,
545 2282 691 2344 etin
720 2300 795 2343 eo
826 2281 994 2357 ipso,
1039 2299 1220 2358 quem
1250 2284 1590 2359 delegerat,
1626 2282 1845 2345 imitari
1874 2283 2056 2346 etiam
2084 2285 2231 2348 vitia
2259 2304 2366 2348 vo-

299 2365 426 2427 luit.
484 2364 584 2427 92.
630 2364 742 2440 Qui
772 2376 973 2425 autem
1004 2364 1086 2427 ita
1115 2364 1326 2441 faciet,
1355 2376 1424 2428 ut
1447 2376 1717 2444 oportet,
1748 2368 2007 2444 primurn
2031 2368 2241 2445 vigilet
2262 2388 2365 2432 ne-

301 2464 480 2510 cesse
511 2458 607 2510 est
633 2450 694 2509 in
725 2448 1081 2524 deligend03
1116 2448 1372 2524 deinde,
1406 2467 1588 2527 quem
1625 2451 1942 2527 probavit,
1969 2453 2031 2512 in
2062 2470 2168 2525 eo,
2210 2470 2363 2530 quae

300 2530 563 2592 maxime
592 2534 922 2606 excellent,
957 2549 1030 2593 ea
1061 2532 1524 2610 diligentissime
1553 2544 1979 2612 persequatur.

470 2613 627 2690 Quid
670 2614 831 2677 enim
868 2633 1094 2677 causae
1125 2618 1393 2680 censetis
1424 2635 1599 2692 esse,
1645 2636 1753 2680 cur
1781 2629 2013 2681 aetates
2045 2618 2369 2681 extulerint

299 2699 578 2775 singulae
608 2698 849 2776 singula
881 2718 1074 2776 prope
1103 2718 1331 2775 genera
1360 2702 1647 2762 dicendi?
1703 2703 1879 2777 Quod
1902 2720 2023 2764 non
2045 2713 2165 2764 tam
2191 2701 2368 2763 facile

216 2815 222 2822 ·
297 2781 359 2843 in
403 2783 628 2845 nostris
675 2784 1018 2846 oratoribus
1061 2801 1396 2860 possumus
1441 2784 1743 2862 iudicare,
1788 2786 1933 2863 quia
1983 2786 2242 2863 scripta,
2289 2802 2369 2845 ex

301 2865 524 2941 quibus
567 2866 857 2927 iudicium
900 2867 1032 2929 fieri
1073 2879 1320 2943 posset,
1376 2886 1500 2929 non
1549 2872 1735 2931 multa
1777 2887 1927 2931 sane
1968 2870 2366 2946 reliquerunt,

301 2967 483 3025 quam
513 2948 573 3009 in
605 2949 890 3024 GraeciS,
920 2967 997 3011 ex
1030 2969 1289 3025 quorum
1320 2950 1594 3028 scriptiS,
1629 2952 1929 3029 cuiusque
1958 2952 2173 3015 aetatis
2208 2970 2370 3029 quae

298 3031 543 3095 dicendi
584 3033 738 3094 ratio
783 3035 1196 3109 voluntasque
1227 3034 1435 3107 fucrit,
1482 3034 1732 3112 intelligi
1763 3046 1985 3113 potest.
2051 3036 2151 3098 93.
2196 3038 2358 3098 Anti-

300 3115 578 3192 quissimi
611 3117 739 3177 fere
769 3125 929 3190 sunt,
961 3133 1222 3191 quorum
1246 3118 1492 3194 quidem
1516 3118 1746 3196 scripta
1769 3129 2066 3193 constent,
2098 3118 2368 3181 Pericles

298 3210 483 3276 atque
505 3199 860 3261 Alcibiades
892 3209 952 3261 et
978 3201 1193 3261 eadem
1216 3211 1414 3263 aetate
1436 3204 1849 3280 ThucydideS,
1880 3204 2156 3279 subtileS,
2187 3203 2371 3279 acuti,

300 3284 554 3357 breveS,
602 3284 919 3345 sententiis
950 3283 1144 3359 magis
1178 3303 1361 3360 quam
1389 3285 1594 3347 verbis
1619 3288 2020 3349 abundantes.
2089 3289 2222 3348 Non
2256 3305 2368 3363 po-

300 3364 520 3426 tuisset
544 3366 857 3440 accidere,
889 3377 956 3429 ut
983 3385 1171 3428 unum
1201 3386 1400 3445 genus
1432 3380 1605 3434 esset
1638 3388 1922 3445 omnium,
1950 3371 2068 3433 nisi
2098 3370 2369 3446 aliquem

302 3445 418 3505 sibi
461 3459 878 3522 proponerent
917 3452 996 3510 ad
1026 3449 1400 3513 imitandum.
1459 3454 1784 3514 Consecuti
1813 3465 1956 3516 sunt
1983 3456 2098 3516 hos
2130 3454 2371 3524 Critias,
