2622 3908
748 234 890 293 LIB.
915 234 959 292 l.
1009 233 1174 293 CAP.
1197 240 1440 293 40—42.
1485 239 1537 299 S.
1563 240 1874 295 181—189.
2250 233 2335 296 39

253 393 373 445 tem
427 382 619 460 atque
678 384 1029 444 tendentem
1088 399 1292 444 nonne
1361 381 1638 458 inprimis
1699 382 2073 460 flagitiosum
2124 395 2332 457 putan-

251 469 397 530 dum
433 475 575 529 est?

419 550 571 611 XLI.
616 550 758 615 185.
799 551 875 612 Et
911 548 1311 626 quoniam-de
1345 549 1723 627 impudentia
1758 551 1915 624 dixi,
1965 550 2334 627 castigemus

251 635 438 695 etiam
487 634 850 711 segnitatem
895 632 1206 696 hominum
1253 643 1440 710 atque
1483 634 1782 696 inertiam.
1863 637 2014 697 Nam
2062 634 2115 696 si
2166 648 2335 697 esset

251 717 374 779 ista
421 713 691 794 cognitio
741 717 892 779 iuris
935 734 1158 794 magna
1207 727 1401 794 atque
1459 717 1765 794 difficilis,
1807 727 2011 780 tamen
2060 717 2334 780 utilitatis

253 801 613 876 magnitudo
648 802 903 863 deberet
931 801 1212 863 homines
1249 804 1330 862 ad
1366 801 1828 878 suscipiendum
1863 803 2142 863 discendi
2164 804 2333 864 labo-

251 902 383 946 rem
417 886 750 962 impellere.
821 885 966 958 Sed,
1003 903 1039 947 o
1076 886 1139 947 di
1170 885 1561 962 immortaleS,
1594 903 1720 948 non
1754 886 2022 946 dicerem
2056 887 2195 963 hoc,
2227 904 2334 948 au-

256 968 464 1030 diente
501 970 836 1044 Scaevola,
871 968 991 1030 nisi
1025 969 1163 1044 ipse
1198 969 1407 1030 dicere
1432 972 1660 1032 soleret
1680 968 1905 1032 nullius
1929 968 2077 1029 artis
2103 968 2333 1031 facilio-

252 1070 385 1113 rem
420 1052 538 1114 sibi
574 1052 986 1128 cognitionem
1020 1053 1234 1113 videri.
1325 1053 1464 1117 186.
1516 1054 1694 1128 Quod
1739 1053 1988 1130 quidem
2037 1052 2220 1113 certis
2256 1053 2336 1113 de

254 1135 466 1198 causis
502 1155 539 1197 a
573 1136 890 1212 plerisque
924 1136 1098 1199 aliter
1130 1136 1541 1210 existimatum
1577 1137 1840 1213 primum
1859 1184 1875 1212 ,
1915 1136 2059 1213 quia
2092 1144 2334 1198 veteres

255 1221 369 1294 illi,
410 1222 515 1296 qui
550 1221 691 1281 huic
724 1219 1017 1282 scientiae
1050 1222 1475 1302 praefuerunt,
1509 1221 1878 1283 obtinendae
1900 1228 2084 1296 atque
2107 1237 2328 1295 augen-

255 1306 373 1365 dae
408 1303 720 1381 potentiae
756 1321 909 1365 suae
943 1320 1134 1365 causa
1168 1307 1517 1380 pervulgari
1551 1313 1741 1366 artem
1778 1321 1953 1367 suam
1976 1303 2335 1368 nolueruntz

255 1387 512 1461 deinde,
546 1396 956 1464 posteaquam
992 1397 1089 1450 est
1122 1389 1378 1464 editum,
1412 1387 1716 1464 expositis
1751 1406 1788 1450 a
1823 1389 1927 1449 Cn.
1964 1386 2176 1449 Flavio
2212 1386 2334 1464 pri-

253 1489 420 1532 mum
451 1471 827 1547 actionibus,
862 1472 1011 1533 nulli
1047 1474 1318 1547 suerunt,
1360 1473 1465 1548 qui
1486 1473 1588 1534 illa
1609 1472 1943 1536 artificiose
1967 1471 2206 1547 digesta
2229 1488 2333 1548 ge-

253 1555 509 1617 neratim
544 1564 1002 1632 componerent.
1065 1556 1225 1617 Nihil
1260 1566 1357 1619 est
1390 1558 1551 1618 enim
1587 1559 1757 1633 quod
1790 1557 1870 1617 ad
1918 1565 2108 1618 artem
2139 1556 2334 1631 redigi

254 1638 475 1716 possit,
512 1639 633 1700 nisi
662 1641 764 1700 ille
798 1640 987 1716 prius,
1028 1641 1129 1716 qui
1163 1640 1266 1702 illa
1278 1650 1481 1714 tenet,
1520 1657 1781 1718 quorum
1803 1650 1996 1703 artem
2016 1639 2335 1701 instituere

255 1725 404 1795 vult,
437 1723 620 1785 habet
648 1723 814 1785 illam
849 1723 1186 1799 scientiam,
1216 1734 1284 1787 ut
1313 1742 1392 1785 ex
1425 1724 1502 1786 iis
1523 1727 1732 1801 rebus,
1770 1741 2026 1801 quarum
2049 1739 2150 1783 ars
2182 1740 2332 1784 non-

256 1808 403 1868 dum
440 1809 549 1880 sit,
584 1816 774 1869 artem
806 1809 1055 1869 efficere
1092 1809 1309 1883 possit.
1401 1807 1544 1872 187.
1588 1810 1723 1870 Hoc
1760 1808 1975 1882 video,
2014 1808 2161 1868 dum
2193 1807 2328 1867 bre-

255 1892 414 1953 viter
443 1890 743 1952 voluerim
777 1891 1014 1964 dicere,
1051 1892 1279 1952 dictum
1314 1908 1353 1951 a
1383 1909 1481 1953 me
1527 1908 1672 1952 esse
1723 1892 1929 1968 paullo
1973 1889 2332 1951 obscurius=

255 1976 369 2036 sed
418 1975 703 2051 experiar
748 1987 808 2038 et
852 1975 1090 2047 dicam,
1141 1975 1194 2036 si
1240 1985 1493 2050 potero,
1535 1974 1798 2050 planius.
1885 1976 2061 2034 XLII.
2121 1974 2333 2035 Omnia

256 2061 415 2133 rere,
455 2076 614 2136 quae
651 2068 793 2121 sunt
827 2060 1124 2120 conclusa
1158 2075 1322 2120 nunc
1358 2058 1622 2132 artibuS,
1657 2057 1944 2133 dispersa
1975 2065 2036 2118 et
2070 2056 2332 2134 dissipae

254 2153 315 2205 ta
352 2145 664 2219 quondam
696 2146 967 2216 ruerunt3
1004 2152 1072 2205 ut
1103 2143 1165 2202 in
1198 2140 1451 2204 musicis
1506 2141 1742 2204 numeri
1788 2150 1850 2203 et
1882 2157 2074 2203 voces
2108 2149 2170 2201 et
2202 2158 2322 2202 mo·

254 2227 347 2298 di;
384 2227 447 2288 in
478 2226 813 2303 geometria
845 2226 1241 2300 lineamenta,
1279 2228 1544 2302 formae,
1578 2226 1931 2298 intervalla,
1964 2224 2331 2301 magnitudi-

258 2327 403 2382 nes;
441 2311 501 2371 in
537 2310 875 2386 astrologia
911 2312 1064 2371 caeli
1100 2311 1459 2385 conversio,
1497 2320 1696 2383 ortuS,
1750 2310 1953 2372 obitus
2000 2317 2331 2387 motusque

255 2395 559 2467 siderum;
596 2397 657 2456 in
691 2394 1098 2471 grammaticis
1134 2398 1453 2472 poetarum
1488 2394 1877 2472 pertractatio
1895 2442 1910 2468 ,
1944 2394 2314 2457 historiarun

256 2479 562 2555 cognitio,
604 2479 936 2540 verborum
977 2478 1428 2555 interpretatio,
1459 2477 1893 2555 pronuntiandi
1948 2477 2196 2554 quidam
2232 2496 2333 2540 so-

255 2580 405 2634 nus;
438 2562 501 2623 in
531 2562 648 2623 hac
679 2562 947 2638 denique
975 2561 1115 2638 ipsa
1142 2562 1379 2625 ratione
1408 2562 1654 2624 dicendi
1682 2561 2066 2638 excogitare,
2097 2580 2334 2636 ornare,

255 2647 622 2721 disponere,
665 2646 1051 2723 meminisse,
1092 2662 1278 2721 agere
1318 2646 1526 2722 ignota
1579 2646 1890 2722 quondam
1948 2645 2231 2709 omnibus
2274 2656 2334 2708 et

254 2730 483 2791 diffusa
515 2732 634 2791 late
664 2730 1045 2791 videbantur.
1136 2728 1276 2793 188.
1322 2730 1611 2790 Adhibita
1651 2738 1748 2791 est
1789 2729 1973 2805 igitur
2014 2746 2115 2789 ars
2147 2747 2331 2805 quae-

254 2816 397 2874 dam
439 2813 825 2875 extrinsecus
867 2831 948 2874 ex
986 2812 1105 2875 alio
1149 2831 1376 2890 genere
1425 2815 1723 2889 quodam,
1773 2813 1941 2888 quod
1984 2810 2104 2873 sibi
2143 2822 2331 2874 totum

253 2897 613 2973 philosophi
635 2899 984 2970 adsumunt,
1015 2915 1174 2973 quae
1195 2916 1326 2959 rem
1350 2897 1713 2959 dissolutam
1737 2895 2166 2972 divulsamque
2190 2913 2330 2958 con·

253 2981 583 3057 glutinaret
610 2990 672 3043 et
697 2980 935 3043 ratione
968 2983 1234 3058 quadam
1270 2980 1732 3058 constringeret.
1811 2980 1904 3043 Sit
1934 2997 2081 3057 ergo
2111 2979 2172 3041 in
2203 2979 2335 3042 iure

255 3064 421 3125 civili
449 3065 590 3126 finis
621 3064 751 3137 hic,
785 3064 1090 3142 legitimae
1119 3076 1306 3142 atque
1349 3065 1612 3127 usitatae
1659 3066 1719 3125 in
1767 3061 1954 3127 rebus
2001 3065 2333 3140 causisque

253 3147 479 3209 civium
510 3147 965 3224 aequabilitatis
1010 3149 1419 3211 conservatio.
1509 3150 1651 3213 189.
1690 3151 1841 3211 Tum
1885 3155 2027 3210 sunt
2067 3149 2332 3210 notanda

251 3248 484 3307 genera
525 3241 585 3293 et
624 3234 705 3293 ad
748 3242 980 3294 certum
1033 3250 1351 3295 numerum
1409 3235 1905 3309 paucitatemque
1961 3232 2333 3293 revocanda.

252 3316 462 3377 Genus
491 3326 695 3378 autem
724 3324 821 3378 est
847 3316 940 3391 id,
976 3319 1146 3394 quod
1175 3317 1270 3380 sui
1317 3316 1548 3379 similes
1590 3315 2019 3379 communione
2051 3316 2336 3393 quadam,

251 3399 466 3475 specie
495 3409 701 3463 autem
733 3401 1105 3476 differentes,
1139 3403 1295 3463 duas
1326 3412 1430 3465 aut
1444 3405 1652 3478 plures
1668 3398 2095 3477 complectitur
2106 3411 2337 3477 partes.

249 3483 460 3545 Partes
482 3493 687 3546 autem
709 3494 869 3560 sunt,
895 3503 1055 3562 quae
1077 3486 1407 3561 generibus
1431 3486 1526 3559 iis,
1550 3501 1629 3546 ex
1654 3484 1879 3561 quibus
1902 3494 2166 3553 manant,
2193 3487 2325 3547 sub
