2622 3908
684 253 833 314 LlB.
863 255 937 314 ΙΙ.
983 255 1149 314 CAP.
1177 263 1446 318 36—38.
1488 261 1542 322 S.
1573 264 1906 318 152—160.
2251 255 2331 318 95

254 406 360 467 ille
405 404 794 467 Pacuvianus
835 421 1032 481 prope
1076 407 1301 466 bellum
1347 405 1664 466 indixeris.
1737 405 1877 468 156.
1921 405 2201 481 Minime,
2241 405 2321 467 in-

260 489 394 566 quit
413 489 751 550 Antonius=
782 505 857 549 ac
881 488 973 549 sic
994 489 1244 550 decrevi
1264 488 1691 564 philosophari
1723 490 1948 566 potius,
1980 499 2047 553 ut
2067 491 2332 567 Neopto-

258 576 459 635 lemus
489 573 660 649 apud
685 571 979 646 Ennium,
1009 572 1317 648 paucis:
1363 576 1529 633 ham
1573 573 1879 633 omnino
1924 573 2126 635 haud
2167 577 2333 649 pla·

260 665 403 718 eet.
463 656 591 717 Sed
634 667 835 717 tamen
872 656 1028 717 haec
1058 665 1154 717 est
1181 673 1321 716 mea
1350 655 1681 729 sententia,
1729 674 1909 731 quam
1941 657 2196 718 videbar
2225 675 2330 718 ex-

260 739 577 817 posuisse.
656 741 787 815 Ego
837 738 958 800 ista
999 740 1201 800 studia
1249 755 1375 800 non
1414 739 1726 816 improbo,
1781 740 2098 801 moderata
2145 742 2331 803 modo

261 823 414 886 sint:
461 822 818 899 opinionem
860 823 1115 884 istorum
1158 823 1501 884 studiorum
1542 831 1605 885 et
1646 822 2067 898 suspicionem
2093 824 2334 884 artificii

260 907 431 984 apud
472 923 618 982 eoS,
664 906 771 982 qui
812 923 916 967 res
955 905 1255 980 iudicent,
1304 905 1531 969 oratori
1559 905 1976 967 adversariam
2004 922 2148 967 esse
2174 907 2334 966 arbi-

260 999 407 1054 tror.
486 989 790 1051 Imminuit
840 989 999 1050 enim
1053 1000 1114 1050 et
1161 992 1424 1051 oratoris
1467 989 1891 1052 auctoritatem
1931 999 1993 1050 et
2034 988 2331 1051 orationis

259 1075 468 1135 fidem.
524 1074 848 1134 XXXVIII.
893 1071 1037 1135 157.
1081 1073 1238 1146 Sed,
1277 1082 1346 1135 ut
1378 1090 1453 1134 eo
1484 1082 1839 1145 revocetur,
1885 1074 2051 1134 unde
2077 1073 2198 1134 huc
2228 1074 2331 1134 de-

262 1156 512 1218 clinavit
540 1157 767 1229 oratio,
811 1174 889 1218 ex
924 1156 1120 1218 tribus
1154 1156 1288 1217 istis
1322 1156 1675 1218 clarissimis
1705 1156 2125 1233 philosophis,
2172 1173 2333 1232 quos

259 1244 518 1299 Romam
543 1239 795 1298 venisse
826 1237 1050 1307 dixisti,
1082 1237 1343 1296 videsne
1362 1237 1697 1311 Blogenem
1723 1255 1861 1300 eum
1885 1242 2098 1313 fuisse,
2121 1243 2224 1316 qui
2246 1244 2327 1303 di-

261 1331 433 1382 ceret
453 1329 649 1381 artem
671 1337 744 1381 se
762 1322 1009 1380 tradere
1028 1320 1188 1379 bene
1216 1318 1563 1380 disserendi
1589 1327 1652 1380 et
1675 1339 1821 1383 vera
1843 1340 1917 1385 ac
1940 1327 2098 1385 salsa
2117 1325 2328 1386 diiudi-

262 1413 474 1485 candi,
516 1426 702 1486 quam
743 1413 934 1471 verbo
966 1411 1202 1472 Graeco
1231 1401 1648 1492 διαλεκτικήν
1688 1414 2069 1488 appellaret?
2121 1413 2190 1471 In
2219 1413 2334 1471 hac

263 1503 411 1569 arte,
445 1492 500 1554 si
519 1495 705 1554 modo
730 1501 827 1554 est
847 1494 1002 1553 haec
1025 1510 1148 1569 ars,
1180 1495 1410 1556 nullum
1432 1503 1528 1556 est
1549 1503 1968 1572 praeceptum,
2000 1513 2125 1573 quo
2146 1496 2332 1556 modo

264 1594 478 1639 verum
500 1576 864 1653 inveniatur,
890 1579 1005 1638 sed
1032 1585 1263 1640 tantum
1291 1586 1407 1653 est,
1437 1596 1562 1655 quo
1590 1581 1777 1641 modo
1807 1579 2125 1642 iudicetur.
2191 1578 2331 1641 158.

264 1662 415 1726 Nam
444 1669 506 1723 et
529 1678 727 1734 omne,
759 1662 930 1737 quod
953 1661 1297 1738 eloquimur
1315 1662 1425 1737 sic,
1456 1671 1524 1724 ut
1545 1664 1609 1723 id
1629 1671 1736 1724 aut
1760 1680 1903 1724 esse
1928 1663 2205 1725 dicamus
2229 1672 2334 1723 aut

263 1763 389 1807 non
416 1762 562 1806 esse
586 1753 673 1818 et,
702 1744 755 1806 si
779 1743 1135 1820 simpliciter
1158 1745 1386 1807 dictum
1411 1745 1519 1821 sit,
1542 1746 1887 1822 suscipiunt
1908 1745 2242 1818 dialectici,
2268 1753 2336 1806 ut

259 1828 556 1904 iudicent,
587 1845 880 1890 verumne
903 1827 982 1889 sit
1003 1844 1080 1887 an
1106 1831 1357 1901 falsum3
1388 1836 1466 1902 et,
1500 1829 1554 1890 si
1579 1829 1904 1890 coniuncte
1927 1829 2007 1890 sit
2029 1831 2253 1890 elatum
2274 1836 2335 1890 et

262 1914 554 1975 adiuncta
584 1911 705 1976 sint
734 1912 881 1986 alia,
924 1909 1225 1986 iudicant,
1262 1920 1512 1974 rectene
1550 1911 1840 1974 adiuncta
1869 1910 1991 1973 sint
2018 1921 2079 1976 et
2108 1927 2334 1972 verane

265 2014 505 2060 summa
546 1996 625 2058 sit
666 1997 846 2058 unius
890 1993 1192 2072 cuiusque
1232 1994 1489 2057 rationis
1534 2004 1595 2057 et
1636 1995 1716 2056 ad
1746 2003 2082 2056 extremum
2109 1994 2233 2070 ipsi
2264 2012 2333 2055 se

264 2089 684 2157 compungunt
725 2079 856 2141 suis
899 2078 1283 2141 acuminibus
1326 2088 1387 2140 et
1422 2081 1610 2140 multa
1638 2078 1992 2155 quaerendo
2023 2077 2337 2154 reperiunt

267 2182 390 2225 non
420 2166 605 2225 modo
638 2181 743 2237 ea,
782 2179 942 2239 quae
970 2163 1090 2223 iam
1120 2181 1244 2226 non
1274 2162 1522 2240 possint
1546 2162 1671 2240 ipsi
1699 2161 2075 2230 dissolvere,
2107 2162 2220 2223 sed
2248 2170 2333 2223 et·-

266 2248 386 2309 iam
431 2248 654 2323 quibus
696 2256 837 2309 ante
880 2263 1107 2310 exorsa
1135 2256 1196 2309 et
1224 2247 1433 2323 potius
1464 2249 1711 2309 detexta
1738 2263 1936 2323 prope
1962 2255 2335 2309 retexantur.

269 2331 408 2394 159.
433 2332 548 2392 Hic
570 2349 686 2393 nos
709 2331 891 2409 igitur
914 2331 1160 2394 Stoicus
1179 2332 1298 2393 iste
1321 2331 1470 2392 nihil
1492 2331 1761 2405 adiuvat,
1788 2330 2095 2407 quoniam,
2125 2347 2335 2407 quem-

271 2417 601 2477 admodum
630 2414 934 2476 inveniam
970 2415 1121 2490 quid
1146 2414 1349 2476 dicam
1369 2431 1493 2476 non
1516 2418 1726 2487 docet3
1758 2423 1945 2492 atque
1967 2415 2129 2477 idem
2155 2413 2337 2476 etiam

267 2498 550 2576 impedit,
582 2500 753 2576 quod
780 2506 842 2560 et
870 2500 1058 2560 multa
1082 2498 1341 2574 reperit,
1373 2516 1531 2574 quae
1561 2508 1745 2574 negat
1770 2500 1895 2560 ullo
1926 2500 2111 2561 modo
2141 2514 2336 2575 posse

268 2582 561 2655 dissolvi,
593 2592 654 2644 et
681 2599 876 2659 genus
908 2580 1212 2643 sermonis
1241 2583 1443 2643 adfert
1471 2599 1596 2643 non
1624 2582 1943 2658 liquidum,
1975 2601 2099 2645 non
2133 2584 2335 2644 fusum

273 2684 341 2728 ac
402 2665 718 2743 profluens
737 2713 753 2742 ,
809 2667 923 2727 sed
974 2664 1163 2739 exile,
1215 2664 1485 2740 aridum,
1539 2665 1856 2726 concisum
1908 2682 1982 2725 ac
2021 2665 2336 2727 minutum.

269 2750 448 2825 Quod
477 2748 531 2811 si
561 2749 666 2826 qui
696 2749 1010 2826 probabit,
1059 2750 1143 2810 ita
1170 2746 1482 2825 probabit,
1530 2757 1596 2809 ut
1640 2747 1868 2808 oratori
1895 2756 2095 2808 tamen
2126 2757 2336 2823 aptum

269 2851 393 2895 non
424 2850 569 2894 esse
600 2835 875 2895 fateatur.
937 2834 1105 2894 Haec
1149 2832 1311 2894 enlm
1339 2841 1551 2893 nostra
1580 2830 1775 2891 oratio
1813 2829 2211 2893 multitudinis
2243 2840 2338 2892 est

268 2918 523 2979 auribus
552 2917 1109 2991 accommodanda,
1149 2918 1231 2977 ad
1272 2916 1676 2979 oblectandos
1704 2913 1974 2992 animoS,
2013 2916 2093 2977 ad
2124 2916 2335 2991 impel-

272 3002 521 3076 lendoS,
551 3001 632 3061 ad
661 3018 736 3061 ea
765 3001 1113 3076 probanda,
1147 3018 1307 3076 quae
1337 3017 1460 3061 non
1494 2998 1762 3061 aurificis
1794 3009 2048 3073 statera,
2082 3001 2196 3060 sed
2224 3014 2329 3075 po·

271 3082 471 3162 putari
506 3085 769 3160 quadam
795 3086 1019 3145 trutina
1048 3084 1487 3145 examinantur.
1548 3083 1686 3147 160.
1728 3083 1927 3158 Quare
1946 3082 2126 3145 istam
2147 3092 2338 3143 artem

272 3180 464 3234 totam
508 3172 914 3241 dimittemuS‚
961 3184 1122 3243 quae
1171 3166 1232 3226 in
1276 3164 1702 3239 excogitandis
1760 3163 2136 3239 argumentis
2177 3171 2341 3223 muta

272 3256 522 3316 nimium
555 3263 680 3327 est,
712 3254 773 3314 in
802 3215 1144 3313 iud’icandis
1183 3248 1434 3310 nimium
1466 3250 1718 3323 loquax.
1779 3247 2109 3308 Critolaum
2137 3246 2340 3324 istum,

276 3357 459 3416 quem
502 3356 641 3400 cum
681 3338 961 3412 Diogene
1002 3334 1256 3396 venisse
1299 3347 1773 3401 commemoraS,
1826 3337 1978 3405 puto
2019 3332 2162 3406 plus
2203 3331 2343 3393 huic

275 3433 492 3485 nostro
537 3421 742 3486 studio
785 3421 1091 3496 prodesse
1140 3417 1442 3494 potuisse.
1529 3415 1677 3475 Erat
1715 3411 1874 3473 enim
1931 3415 2009 3474 ab
2059 3412 2179 3475 isto
2209 3416 2343 3477 Ari-

276 3510 534 3571 stotele.
588 3524 625 3566 a
669 3502 842 3564 cuius
884 3502 1149 3564 inventis
1192 3501 1301 3561 tibi
1346 3512 1465 3572 ego
1503 3497 1726 3558 videor
1768 3514 1892 3558 non
1953 3501 2136 3572 longe
2173 3500 2342 3560 aber
