2622 3908
359 245 479 305 144
1123 248 1226 306 DE
1266 247 1627 308 ORATORE:

358 395 685 456 Antonium
729 398 810 458 ita
853 398 1137 473 partitum
1180 416 1325 460 esse
1367 410 1595 473 tecum,
1653 412 1719 463 ut
1771 399 1907 477 ipse
1963 401 2418 465 instrumentum

354 478 615 539 oratoris
658 490 1027 553 exponeret,
1093 482 1197 542 tibi
1240 483 1375 543 eius
1419 483 1872 545 distinctionem
1913 496 2101 555 atque
2145 497 2418 549 ornatum

352 563 768 637 relinqueret?
797 564 908 623 Hic
938 564 1070 623 ille:
1110 563 1389 632 Primum,
1422 565 1560 638 quis
1582 566 1850 626 Antonio
1874 564 2169 641 permisit,
2203 564 2410 640 inquit,

353 655 421 707 ut
451 653 512 706 et
543 646 632 707 rei
661 656 874 722 partes
904 649 1136 708 faceret
1169 658 1250 706 et
1270 658 1467 708 utram
1498 652 1684 709 vellet
1722 648 1892 720 prior
1933 649 2068 722 ipse
2109 652 2413 710 sumeret?

353 739 620 814 Deinde,
656 757 771 815 ego
799 740 1043 800 sirecte
1073 738 1376 812 intellexi,
1414 758 1601 814 quum
1630 741 1812 799 valde
1841 738 2099 799 libenter
2125 741 2416 812 audirem,

352 822 494 882 mihi
526 824 851 884 coniuncte
883 833 977 884 est
1006 822 1179 883 visus
1210 823 1288 882 de
1318 832 1579 898 utraque
1607 840 1674 883 re
1702 823 1928 882 dicere.
1975 825 2080 882 llle
2112 840 2291 896 vero,
2330 824 2419 885 in·

353 906 484 981 quit
498 907 687 978 Cotta,
714 914 1072 968 ornamenta
1093 905 1388 967 orationis
1411 912 1534 967 no‘n
1559 905 1752 981 attigit
1773 922 1976 980 neque
2000 923 2136 967 cam
2155 909 2421 982 laudern,

350 1007 426 1050 ex
461 1007 584 1064 qua
612 990 964 1066 eloquentia
985 1007 1204 1050 nomen
1230 990 1435 1065 ipsum
1459 989 1709 1050 invenit.
1751 991 1959 1049 Verba
1984 989 2191 1065 igitur,
2227 992 2421 1068 inquit

351 1075 628 1145 CrassuS,
660 1073 804 1134 mihi
838 1073 1081 1147 reliquit
1101 1071 1426 1144 AntoniuS‚
1458 1091 1586 1133 rem
1610 1072 1748 1150 ipse
1772 1075 2051 1149 sumpsit.
2098 1073 2240 1138 367.
2271 1076 2419 1136 Tum

352 1157 609 1216 Caesar:
644 1158 739 1229 Si,
784 1156 953 1229 quod
988 1153 1294 1214 difficilius
1349 1162 1474 1228 est,
1502 1153 1609 1214 tibi
1654 1157 1922 1232 reliquit,
1969 1165 2064 1218 est
2102 1160 2299 1234 nobis,
2332 1160 2422 1219 in-

352 1240 511 1316 quit,
542 1257 760 1314 causa,
798 1257 907 1300 cur
934 1249 994 1301 te
1022 1241 1235 1301 audire
1265 1240 1614 1316 cupiamus3
1657 1239 1783 1315 sin,
1817 1243 1985 1315 quod
2016 1241 2281 1316 faciliuS,
2313 1241 2422 1304 tibi

350 1341 539 1385 causa
571 1342 692 1385 non
724 1334 847 1395 est,
887 1340 995 1384 cur
1028 1341 1303 1385 recuses.
1349 1326 1423 1384 Et
1449 1324 1726 1384 Catulus:
1764 1323 1951 1397 Quid,
1993 1326 2158 1400 quod
2191 1326 2416 1400 dixisti,

349 1408 572 1483 inquit,
619 1408 872 1478 Crasse,
912 1408 965 1468 si
980 1407 1121 1480 [hic]
1137 1409 1322 1468 hodie
1354 1409 1519 1483 apud
1550 1417 1610 1468 te
1639 1424 2056 1482 maneremus,
2098 1418 2158 1468 te
2187 1427 2419 1470 morem

352 1491 528 1551 nobis
560 1508 703 1550 esse
731 1499 1074 1564 gesturum,
1104 1490 1333 1551 nihilne
1364 1493 1442 1550 ad
1473 1492 1658 1551 fidem
1683 1500 1843 1552 tuam
1867 1500 2048 1566 putas
2073 1492 2422 1567 pertinere?

348 1575 497 1633 Tum
529 1574 702 1634 Cotta
731 1574 968 1634 ridens:
1009 1574 1265 1634 Possem
1298 1573 1433 1647 tibi,
1478 1573 1703 1650 inquit,
1750 1576 2002 1648 Crasse,
2040 1577 2417 1648 concedere,-

352 1659 464 1718 sed
499 1657 641 1717 vide
669 1674 745 1718 ne
778 1656 925 1733 quid
956 1658 1203 1718 Catulus
1234 1656 1498 1719 attulerit
1531 1658 1876 1733 religionis:
1918 1660 2038 1718 hoc
2071 1676 2229 1734 opus
2276 1676 2418 1721 cen-

348 1746 576 1803 sorium
615 1751 727 1804 est.
789 1748 855 1804 ld
897 1752 1100 1804 autem
1147 1743 1528 1801 committere
1568 1743 1743 1802 vides
1786 1758 1968 1816 quam
2010 1739 2237 1799 homini
2271 1754 2408 1798 cen-

350 1826 515 1887 sorio
560 1829 908 1888 conveniat.
971 1826 1152 1900 Agite
1192 1841 1374 1894 vero,
1417 1823 1642 1898 inquit,
1686 1834 1754 1886 ut
1792 1825 1997 1884 vultis.
2072 1823 2195 1882 Sed
2246 1839 2411 1881 nunc

345 1907 624 1984 quidem,
659 1911 949 1986 quoniam
977 1919 1072 1971 est
1100 1912 1164 1975 id
1197 1909 1520 1986 temporis,
1561 1910 1936 1985 surgendum
1967 1919 2196 1972 censeo
2227 1921 2289 1973 et
2318 1928 2409 1972 re·

346 1993 822 2068 quiescendum3
863 2004 1017 2070 post
1055 1994 1401 2066 meridiem,
1451 1993 1504 2054 si
1538 1993 1621 2053 ita
1654 1994 1834 2054 vobis
1868 2004 1964 2054 est
2004 1997 2417 2069 commodum,

345 2079 664 2152 loquemur
707 2078 969 2154 aliquid,
1012 2077 1129 2138 nisi
1175 2079 1330 2139 forte
1364 2078 1425 2137 in
1470 2077 1799 2138 crastinum
1829 2077 2074 2137 differre
2108 2079 2414 2140 mavultis.

342 2159 568 2223 Omnes
601 2179 670 2222 se
698 2165 794 2222 vel
828 2162 1028 2223 statim
1055 2164 1153 2222 vel
1188 2161 1240 2221 si
1272 2161 1409 2237 ipse
1444 2170 1585 2237 post
1620 2162 1934 2222 meridiem
1962 2163 2194 2225 mallet.
2231 2180 2414 2238 quam

346 2245 601 2318 primum
632 2255 829 2305 tamen
862 2245 1074 2304 audire
1103 2246 1259 2304 velle
1291 2244 1594 2305 dixerunt.

739 2564 1996 2658 M.TULL11010ERONIS

1002 2715 1742 2891 ORAssoRE

902 2950 1253 3026 LIBER
1324 2967 1857 3028 TERTIUS.

507 3081 551 3138 Ι.
599 3078 653 3137 1.
698 3077 1039 3140 Instituenti
1072 3077 1246 3154 mihi,
1279 3079 1498 3154 Quinte
1529 3081 1740 3152 frater,
1779 3095 1916 3139 eum
1948 3095 2299 3140 sermonem
2325 3095 2420 3139 re-

341 3164 500 3223 ferre
530 3172 592 3223 et
621 3164 911 3223 mandare
939 3161 1081 3224 huic
1111 3163 1287 3224 tertio
1320 3162 1495 3237 libro,
1532 3180 1713 3237 quem
1747 3173 1888 3236 post
1916 3161 2167 3223 Antonii
2203 3162 2422 3238 dispu-

340 3245 630 3308 tationem
663 3248 922 3307 Crassus
949 3245 1297 3320 habuisset,
1331 3248 1557 3308 acerba
1586 3263 1736 3307 sane
1765 3245 2112 3307 recordatio
2143 3253 2422 3307 veterem

341 3329 525 3390 animi
549 3347 756 3390 curam
775 3329 1240 3405 molestiamque
1258 3330 1597 3391 renovavit.
1632 3331 1783 3389 Nam
1801 3329 1951 3390 illud
1968 3328 2422 3391 immortalitate

341 3410 590 3483 dignum
620 3411 960 3487 ingenium,
989 3417 1093 3475 illa
1122 3413 1498 3487 humanitaS,
1536 3413 1637 3473 illa
1664 3413 1859 3475 virtus
1887 3414 1954 3472 L.
1985 3413 2193 3474 Crassi
2223 3419 2422 3474 morte

344 3492 643 3554 exstincta
686 3495 886 3556 subita
924 3505 1021 3556 cst
1061 3495 1161 3556 vix
1207 3496 1428 3557 diebus
1475 3500 1689 3558 decem
1721 3507 1864 3568 post
1895 3514 2034 3557 eum
2068 3496 2266 3569 diem,
2314 3492 2419 3570 qut
