2622 3908
329 246 410 308 20
1126 247 1227 306 DE
1262 246 1626 307 ORATORE

332 403 439 474 da,
473 400 586 460 sed
612 398 818 474 exigui
850 398 1142 475 temporis
1172 408 1279 459 aut
1322 400 1479 459 falsa
1520 408 1626 460 aut
1667 409 1831 460 certe
1874 400 2142 460 obscura
2184 400 2415 477 opinio.

331 484 431 546 93.
480 482 637 559 Quid
664 485 894 544 multa?
950 483 1040 544 sic
1071 481 1216 542 mihi
1257 491 1384 544 tum
1427 484 1807 558 persuadere
1846 483 2170 557 videbatur
2212 501 2414 561 neque

333 567 656 629 artificium
683 568 872 628 ullum
903 584 1046 628 essc
1088 565 1335 627 dicendi
1378 583 1578 642 neque
1616 584 1983 642 quemquam
2028 584 2252 642 posse,
2296 568 2414 629 nisi

338 651 444 728 qui
472 651 605 726 illa,
638 669 798 726 quae
827 668 865 711 a
898 649 1274 712 doctissimis
1313 649 1662 711 hominibus
1704 651 1766 711 in
1810 650 2208 726 philosophia
2250 651 2410 713 dice-

331 743 573 810 rentur,
604 745 966 811 cognosset,
999 743 1103 794 aut
1132 732 1352 794 callide
1380 741 1486 795 aut
1516 733 1774 809 copiose
1804 734 2031 795 dicere.
2088 735 2156 793 ln
2188 736 2414 810 quibus

339 820 714 880 Charmadas
745 820 984 880 solebat
1012 817 1325 893 ingenium
1356 826 1554 893 tuum,
1600 818 1853 895 Crasse,
1881 818 2277 880 vehementer
2306 822 2412 879 ad-

337 902 572 963 mirari:
630 920 727 963 me
758 902 875 963 sibi
904 901 1259 978 perfacilem
1293 899 1355 959 in
1392 900 1733 975 audiendo,
1767 911 1827 964 te
1857 917 2316 977 perpugnacem
2351 903 2411 963 in

337 987 713 1063 disputando
763 1003 906 1046 esse
953 985 1174 1046 visum.
1262 985 1417 1045 XXI.
1453 982 1555 1045 94.
1612 986 1825 1060 ltaque
1873 1001 1989 1060 ego
2036 986 2151 1046 hac
2197 988 2411 1047 eadem

337 1069 628 1148 opinione
663 1070 965 1131 adductus
1001 1067 1223 1143 scripsi
1259 1067 1438 1129 etiam
1470 1067 1619 1129 illud
1657 1070 1927 1144 quodam
1960 1068 2022 1128 in
2047 1068 2271 1144 libello,
2309 1072 2412 1146 qui

335 1171 433 1215 me
466 1153 851 1231 imprudente
886 1162 947 1214 et
976 1150 1164 1213 invito
1202 1151 1432 1212 excidit
1466 1161 1527 1213 et
1559 1151 1840 1227 pervenit
1870 1152 1931 1212 in
1968 1169 2184 1214 manus
2218 1153 2406 1213 homi-

335 1255 510 1313 num,
543 1237 903 1298 disertos
930 1253 1358 1314 cognosseme
1387 1237 1737 1311 nonnulloS,
1774 1238 2269 1312 eloquentem
2302 1239 2405 1297 ad·

335 1322 456 1383 huc
504 1320 838 1394 neminem,
890 1322 1057 1395 quod
1104 1336 1247 1381 eum
1288 1320 1629 1380 statuebam
1672 1319 1999 1394 disertum,
2045 1320 2150 1396 qui
2194 1331 2410 1396 posset

338 1405 487 1466 satis
518 1413 697 1466 acute
732 1412 918 1479 atque
953 1403 1219 1464 dilucide
1253 1404 1420 1478 apud
1455 1402 1799 1466 mediocres
1831 1403 2112 1466 homines
2135 1420 2216 1465 ex
2246 1421 2412 1465 com-

335 1487 505 1549 muni
539 1489 807 1564 quadam
842 1487 1132 1563 opinione
1162 1486 1477 1548 hominum
1526 1486 1767 1560 dicere,
1814 1488 2206 1563 eloquentem
2240 1504 2411 1553 vern.

341 1573 443 1648 qui
480 1571 815 1632 mirabilius
853 1580 916 1631 et
947 1569 1438 1646 magnificentius
1472 1587 1701 1646 augere
1730 1581 1949 1647 posset
1971 1581 2158 1647 atque
2190 1587 2411 1631 ornare

342 1673 503 1732 quae
541 1657 725 1716 vellet
757 1670 1098 1732 omnesque
1148 1655 1418 1716 omnium
1464 1671 1697 1728 rerum,
1752 1671 1912 1729 quae
1957 1656 2039 1715 ad
2079 1652 2410 1715 dicendum

340 1739 742 1816 pertinerent,
775 1740 975 1801 fontes
1006 1740 1207 1800 animo
1236 1756 1309 1799 ac
1340 1738 1632 1799 memoria
1666 1736 2022 1799 contineret.
2106 1737 2176 1797 Id
2217 1736 2271 1798 si
2315 1746 2413 1798 est

339 1823 589 1884 difficile
622 1824 832 1896 nobiS‚
874 1824 1041 1899 quod
1077 1831 1233 1895 ante,
1275 1840 1458 1898 quam
1491 1824 1572 1883 ad
1606 1820 1968 1882 discendum
2003 1820 2271 1897 ingressi
2306 1839 2408 1882 su-

338 1925 505 1981 muS,
545 1906 856 1971 obruimur
888 1906 1217 1969 ambitione
1255 1916 1316 1968 et
1347 1908 1513 1981 soro,
1558 1905 1637 1967 sit
1680 1914 1882 1967 tamen
1929 1904 1991 1967 in
2037 1923 2105 1967 re
2138 1904 2410 1982 positum

340 2002 525 2067 atquc
560 2002 794 2053 natura.
872 1990 973 2053 95.
1015 1992 1147 2067 Ego
1185 1990 1379 2065 enini,
1417 2000 1711 2067 quantum
1740 2007 2008 2067 auguror
2057 1989 2412 2052 coniectura

339 2085 689 2152 quantaque
720 2075 964 2150 ingenia
998 2075 1057 2134 in
1096 2075 1323 2136 nostris
1359 2073 1707 2136 hominibus
1742 2090 1887 2135 esse
1917 2075 2119 2148 video,
2155 2091 2277 2135 non
2305 2075 2407 2134 de-

339 2176 521 2234 spero
562 2161 692 2219 sore
727 2158 992 2233 aliquem
1025 2158 1388 2234 aliquandO,
1438 2156 1542 2233 qui
1590 2166 1652 2218 et
1686 2157 1889 2219 studio
1921 2157 2188 2234 acriore,
2225 2174 2409 2234 quam

340 2259 455 2302 nos
489 2258 701 2302 sumus
734 2251 919 2317 atque
955 2241 1206 2315 fuimuS,
1253 2250 1316 2303 et
1363 2242 1490 2304 otio
1531 2257 1604 2302 ac
1652 2242 1937 2303 facultate
1972 2239 2251 2303 discendi
2283 2257 2407 2300 ma-

340 2324 472 2386 iore
506 2342 580 2386 ac
602 2324 930 2387 maturiore
954 2335 1015 2386 et
1050 2327 1258 2386 labore
1288 2335 1475 2401 atque
1509 2323 1809 2386 industria
1845 2325 2182 2401 superiore,
2219 2342 2408 2401 quum

340 2426 410 2469 se
444 2411 522 2469 ad
558 2408 962 2484 audiendum,
1007 2411 1332 2485 legendum
1380 2408 1897 2484 scribendumque
1941 2408 2207 2482 dederit,
2245 2407 2408 2469 exsi-

340 2501 459 2553 stat
488 2491 626 2553 talis
658 2500 893 2568 orator,
931 2495 1172 2568 qualem
1209 2492 1589 2567 quaerimus,
1625 2492 1731 2568 qui
1761 2491 1892 2553 iure
1923 2509 2047 2554 non
2084 2493 2283 2554 solum
2317 2490 2404 2552 di-

339 2584 572 2649 sertuS‚
607 2577 718 2637 sed
753 2576 935 2637 etiam
970 2578 1269 2651 eloquens
1307 2575 1427 2637 dici
1459 2575 1693 2651 possit,
1731 2575 1836 2651 qui
1870 2585 2071 2637 tamen
2108 2593 2243 2637 mea
2266 2592 2406 2636 sen-

339 2658 527 2720 tentia
559 2669 665 2720 aut
695 2659 795 2720 hic
831 2668 927 2722 est
956 2658 1074 2719 iam
1113 2661 1373 2721 Crassus
1406 2668 1537 2733 aut,
1585 2660 1639 2720 si
1686 2660 1826 2736 quis
1857 2659 1993 2736 pari
2028 2661 2206 2721 fuerit
2237 2658 2406 2734 inge-

339 2742 440 2805 nio
475 2745 776 2820 pluraque
811 2762 996 2821 quam
1029 2743 1128 2804 hic
1159 2753 1220 2805 et
1251 2742 1514 2804 audierit
1555 2751 1614 2805 et
1660 2743 1941 2806 lectitarit
1976 2752 2035 2805 et
2070 2741 2407 2819 scripserit,

339 2829 606 2901 paullum
636 2826 777 2888 huic
809 2827 1042 2904 aliquid
1075 2826 1300 2902 poterit
1333 2827 1580 2887 addere.

508 2912 611 2971 96.
658 2914 795 2973 Hoc
827 2915 967 2975 loco
1000 2915 1329 2991 SulpiciuS,
1362 2913 1724 2991 Insperanti,
1754 2914 1969 2990 inquit,
2000 2915 2145 2978 mihi
2175 2925 2238 2978 et
2273 2918 2410 2979 Cot-

341 3003 468 3068 tae,
500 2996 613 3055 sed
654 2997 838 3057 valde
880 2999 1114 3074 optanti
1152 2998 1401 3074 utrique
1427 3007 1706 3059 nostrum
1743 2999 1990 3074 cecidit,
2029 3008 2099 3061 ut
2137 3001 2196 3061 in
2225 3000 2409 3063 istum

341 3095 710 3151 sermonem,
736 3080 978 3153 Crasse,
1003 3081 1459 3143 delaberemini.
1493 3082 1680 3143 Nobis
1705 3082 1865 3143 enim
1881 3084 2001 3145 huc
2018 3084 2410 3146 venientibus

340 3162 491 3222 satis
523 3161 856 3223 iucundum
887 3165 1020 3225 fore
1048 3163 1405 3239 videbatur,
1448 3166 1530 3238 si,
1577 3184 1764 3241 quum
1792 3183 1910 3228 vos
1942 3168 2022 3228 de
2048 3169 2236 3229 rebus
2273 3168 2410 3230 aliis

339 3245 774 3319 loqueremini,
805 3255 1009 3307 tamen
1033 3265 1150 3308 nos
1179 3248 1413 3325 aliquid
1438 3267 1516 3310 ex
1545 3266 1833 3310 sermone
1867 3259 2079 3314 vestro
2113 3252 2409 3312 memoria

339 3326 589 3402 dignum
619 3329 909 3410 excipere
948 3346 1313 3406 possemus;
1358 3341 1426 3394 ut
1464 3349 1616 3393 vero
1658 3333 1907 3409 penitus
1943 3335 2002 3395 in
2046 3352 2180 3396 eam
2209 3333 2410 3410 ipsam

339 3409 526 3471 totius
570 3411 751 3474 huius
785 3416 885 3473 vel
928 3414 1113 3476 studii
1153 3417 1250 3475 vel
1280 3415 1519 3476 artificii
1564 3417 1661 3477 vel
1697 3417 2004 3479 facultatis
2047 3418 2411 3495 disputatio·

341 3509 480 3553 nem
519 3510 720 3569 paene
762 3495 1032 3558 intimam
1061 3497 1386 3573 veniretis,
1425 3499 1534 3561 vix
1561 3502 1900 3576 optandum
1938 3501 2120 3564 nobis
2159 3502 2403 3563 videba-
