2622 3908
271 224 356 291 04
1063 226 1165 285 DE
1208 223 1570 286 ORATORE

264 395 394 440 rum
440 379 842 450 Graecorum,
886 376 992 452 qui
1035 393 1105 437 se
1145 375 1453 437 inculcant
1495 373 1744 436 auribus
1789 372 2046 448 nostriS,
2102 373 2332 438 similes

265 463 534 534 fuerunt,
582 476 697 520 nec
740 470 938 520 tamen
974 459 1035 520 in
1080 460 1205 523 otio
1246 475 1565 520 sermones
1594 457 1943 520 huiusmodi
1974 456 2332 532 disputatio-

263 561 504 619 nesque
548 543 876 618 fugiebant.
958 543 1062 604 20.
1115 546 1208 603 Ac
1252 541 1306 602 si
1348 541 1456 603 tibi
1499 541 1812 616 videntur,
1872 539 1975 617 qui
2020 540 2333 617 temporiS,

266 626 371 704 qui
415 626 564 698 loci,
611 625 715 701 qui
760 625 1067 687 hominum
1110 625 1407 688 rationem
1451 642 1574 686 non
1617 625 1872 699 habent,
1914 623 2132 700 inepti,
2179 621 2338 687 sicut

265 712 490 772 debent
520 710 742 784 videri,
787 728 931 771 num
970 711 1216 773 tandem
1253 724 1357 770 aut
1383 715 1559 770 locus
1587 707 1688 768 hic
1720 726 1841 769 non
1872 708 2134 769 idoneus
2165 706 2336 768 vide-

267 804 391 868 tur,
423 793 485 854 in
518 810 641 868 quo
671 795 946 868 porticus
975 794 1129 854 haec
1156 792 1324 868 ipsa,
1368 791 1472 853 ubi
1502 808 1664 853 nunc
1694 793 2107 865 ambulamus,
2139 799 2199 851 et
2227 806 2336 866 pa-

264 881 490 938 laestra
519 886 580 938 et
608 885 696 938 tot
722 876 876 938 locis
908 875 1224 938 sessiones
1255 876 1713 954 gymnasiorum
1730 878 1804 938 ad
1820 876 2187 935 Graecorum
2210 873 2335 935 dis-

265 961 644 1038 putationem
687 959 1036 1021 memoriam
1082 960 1536 1035 quodammodo
1580 965 2007 1021 commovent?
2048 965 2150 1019 aut
2191 974 2334 1018 num

264 1045 673 1119 importunum
724 1051 965 1119 tempus
1015 1042 1077 1103 in
1118 1051 1285 1105 tanto
1332 1042 1491 1118 otio,
1554 1044 1721 1118 quod
1776 1050 1837 1104 et
1873 1059 2013 1102 raro
2060 1043 2236 1103 datur
2276 1051 2334 1102 et

265 1144 428 1189 nunc
452 1134 782 1202 peroptato
812 1126 993 1189 nobis
1024 1128 1229 1188 datum
1253 1134 1391 1188 est?
1427 1134 1531 1187 aut
1551 1125 1830 1187 homines
1860 1127 1937 1186 ab
1966 1126 2086 1186 hoc
2108 1140 2337 1201 genere

267 1209 697 1287 disputationis
728 1210 941 1286 alieni,
986 1210 1090 1286 qui
1121 1227 1337 1272 omnes
1365 1209 1407 1270 ii
1439 1227 1682 1284 sumuS,
1722 1218 1788 1271 ut
1817 1208 1950 1270 sine
1986 1208 2083 1269 his
2115 1206 2334 1269 studiis

266 1294 450 1356 vitam
494 1297 722 1356 nullam
766 1311 909 1356 esse
953 1295 1292 1356 ducamus?
1346 1290 1449 1355 21.
1494 1293 1706 1354 Omnia
1741 1292 1887 1366 ista,
1930 1292 2123 1368 inquit
2159 1293 2332 1352 Cras-

267 1395 406 1450 suS‚
451 1394 567 1453 ego
609 1377 729 1438 alio
774 1378 958 1437 modo
1002 1377 1397 1453 interpretor,
1444 1378 1549 1451 qui
1590 1376 1851 1452 primum
1880 1378 2247 1451 palaestram
2276 1382 2337 1435 et

267 1460 453 1520 sedes
478 1468 546 1519 et
572 1459 847 1534 porticus
880 1458 1058 1519 etiam
1087 1459 1281 1535 ipSOS‚
1315 1462 1541 1534 Catule,
1575 1460 1844 1520 Graecos
1876 1456 2333 1520 exercitationis

266 1545 352 1610 [et
377 1538 846 1613 delectationis]‚
878 1557 1001 1600 non
1027 1539 1458 1615 disputationis
1484 1557 1691 1609 causa,
1709 1541 2024 1603 invenisse
2055 1541 2335 1602 arbitror.

268 1627 413 1685 Nam
456 1633 517 1685 et
557 1625 822 1686 saeculis
866 1624 1070 1686 multis
1113 1634 1253 1686 ante
1295 1627 1618 1704 gymnasia
1658 1628 1906 1688 inventa
1936 1635 2105 1701 sunt,
2153 1641 2335 1700 quam

266 1709 325 1772 in
376 1706 452 1767 iis
494 1708 847 1784 philosophi
888 1707 1119 1784 garrire
1161 1717 1526 1785 coeperunt,
1577 1720 1639 1771 et
1687 1710 1806 1771 hoc
1852 1709 1992 1785 ipso
2038 1719 2331 1784 tempore,

218 1866 224 1872 ,
267 1810 454 1868 quum
486 1792 688 1852 omnia
717 1791 1038 1870 gymnasia
1067 1792 1419 1870 philosophi
1448 1802 1719 1867 teneant,
1757 1802 1958 1855 tamen
1990 1809 2199 1854 eorum
2229 1809 2333 1852 au·

265 1875 498 1937 ditores
528 1875 766 1937 discum
796 1875 1008 1938 audire
1041 1894 1221 1954 quam
1249 1877 1684 1954 philosophum
1715 1881 1974 1949 malunt;
2022 1876 2125 1953 qui
2156 1875 2333 1936 simul

265 1968 331 2021 ut
362 1959 692 2037 increpuit,
735 1960 796 2022 in
837 1962 1040 2023 media
1075 1962 1349 2025 oratione
1386 1964 1463 2023 de
1491 1962 1770 2023 maximis
1798 1964 1985 2023 rebus
2014 1970 2075 2022 et
2103 1958 2332 2037 gravis·

268 2042 438 2106 simis
484 2043 896 2121 disputantem
938 2046 1377 2122 philosophum
1418 2063 1632 2106 omnes
1675 2044 1980 2105 unctionis
2023 2061 2213 2105 causa
2240 2059 2332 2102 re-

268 2127 565 2203 linquunt.
623 2132 709 2190 lta
742 2128 1114 2189 levissimam
1152 2127 1615 2189 delectationem
1645 2124 2075 2200 gravissimae,
2118 2134 2184 2185 ut
2213 2125 2334 2199 ipsi

269 2212 496 2283 lerunt,
540 2210 775 2271 utilitati
817 2218 1211 2284 anteponunt.
1287 2207 1388 2270 22.
1456 2208 1655 2269 Otium
1704 2216 1905 2268 autem
1958 2208 2126 2281 quod
2179 2207 2333 2266 dicis

266 2311 442 2366 esse,
474 2291 818 2364 adsentior;
858 2309 1068 2353 verum
1108 2289 1214 2351 otii
1254 2293 1483 2351 fructus
1514 2299 1610 2352 est
1639 2307 1761 2352 non
1793 2288 2099 2351 contentio
2130 2288 2331 2361 animi,

268 2378 381 2437 sed
411 2374 726 2436 relaxatio.
786 2376 889 2435 Vl.
923 2375 1126 2449 Saepe
1155 2392 1235 2435 ex
1264 2390 1483 2435 socero
1514 2391 1652 2437 meo
1682 2372 1919 2447 audivi,
1954 2391 2139 2451 quum
2167 2374 2219 2435 is
2245 2372 2324 2434 di·

270 2467 435 2520 ceret
475 2474 757 2519 socerum
800 2476 977 2519 suum
1005 2457 1277 2519 Laelium
1317 2475 1562 2534 semper
1590 2460 1718 2520 fere
1747 2475 1883 2520 cum
1914 2457 2205 2535 Scipione
2234 2476 2331 2520 so-

269 2542 438 2604 litum
478 2540 759 2603 rusticari
801 2558 1039 2616 eosque
1077 2541 1513 2603 incredibiliter
1546 2559 1986 2618 repuerascere
2015 2559 2160 2604 esse
2190 2540 2329 2604 soli-

272 2634 397 2698 toS‚
434 2642 620 2700 quum
649 2643 755 2686 rus
786 2643 867 2686 ex
894 2627 1045 2687 urbe
1074 2634 1384 2701 tamquam
1414 2642 1449 2685 e
1470 2623 1688 2688 vinclis
1713 2624 2149 2688 evolavissent.
2201 2626 2331 2688 Non

272 2711 471 2771 audeo
516 2708 722 2770 dicere
764 2711 841 2771 de
883 2708 1106 2772 talibus
1146 2709 1326 2783 viris,
1372 2710 1485 2769 sed
1524 2719 1723 2770 tamen
1764 2712 1848 2771 ita
1892 2711 2049 2771 solet
2089 2725 2334 2770 narrare

272 2793 603 2864 Scaevola,
649 2794 917 2854 conchas
959 2810 1069 2855 eos
1113 2802 1172 2854 et
1210 2791 1532 2853 umbilicos
1575 2794 1655 2852 ad
1686 2792 1952 2854 Caietam
1979 2803 2042 2854 et
2071 2794 2150 2853 ad
2176 2794 2332 2853 Lau-

270 2884 509 2937 rentum
549 2877 754 2950 legere
795 2893 1136 2937 consuesse
1177 2884 1238 2936 et
1278 2876 1359 2935 ad
1404 2891 1644 2936 omnem
1686 2877 1867 2937 animi
1908 2875 2331 2938 remissionem

272 2949 603 3033 ludumque
655 2959 1054 3020 descendere.
1130 2958 1231 3019 23.
1282 2956 1385 3018 Sic
1434 2958 1594 3019 enim
1642 2976 1745 3021 res
1799 2976 1941 3021 sese
1980 2960 2192 3034 habet,
2250 2967 2331 3032 ut,

273 3043 786 3119 quemadmodum
828 3039 1434 3103 volucres'videmus
1479 3043 1924 3118 procreationis
1964 3051 2149 3119 atque
2177 3041 2333 3103 utili·

273 3125 410 3188 tatis
437 3143 586 3187 suae
610 3142 796 3186 causa
820 3127 1113 3200 effingere
1137 3135 1196 3186 et
1221 3124 1592 3187 constituere
1615 3126 1816 3200 nidoS‚
1842 3127 2092 3188 easdem
2114 3135 2333 3199 autem,

273 3228 459 3285 quum
499 3209 731 3285 aliquid
775 3210 1118 3285 effecerint,
1170 3209 1413 3269 levandi
1454 3208 1680 3271 laboris
1713 3208 1808 3270 sui
1839 3226 2058 3284 causa,
2101 3208 2332 3284 passim

273 3310 345 3352 ac
385 3292 575 3354 libere
618 3294 850 3354 solutas
894 3309 1083 3368 opere
1123 3291 1410 3366 volitare,
1469 3291 1558 3353 sic
1598 3292 1792 3355 nostri
1834 3292 2017 3353 animi
2072 3294 2333 3364 negotiis

274 3376 624 3437 forensibus
667 3386 852 3452 atque
892 3376 1125 3437 urbano
1168 3392 1360 3451 opere
1401 3374 1631 3437 defessi
1674 3376 1937 3451 gestiant
1976 3393 2050 3437 ac
2078 3375 2334 3436 volitare

274 3457 521 3526 cupiant
548 3459 726 3520 vacui
757 3478 903 3520 cura
931 3476 1004 3519 ac
1035 3461 1261 3521 labore.
1318 3457 1417 3520 24.
1467 3461 1677 3534 ltaque
1706 3460 1854 3521 illud
1882 3478 2029 3536 ego,
2077 3460 2246 3535 quod
2273 3457 2331 3518 in
