2622 3908
668 677 756 762 tl.
823 673 1222 760 TULLII
1285 676 1923 759 CICERONIS

232 956 463 1099 W:
512 878 783 1059 2³7⁴*
931 937 988 1030 0
1040 937 1111 1029 R
1160 836 1444 1030 Anrsso
1495 938 1565 1030 R
1613 941 1669 1032 E

996 1091 1242 1161 LIBRI
1297 1091 1575 1163 TRES.

922 1353 1227 1415 LIBER
1284 1353 1682 1416 PRIMUS.

438 1471 481 1529 l.
554 1470 611 1532 1.
671 1469 970 1546 Cogitanti
1010 1471 1157 1533 mihi
1200 1490 1645 1550 saepenumero
1693 1483 1754 1534 et
1793 1472 2089 1534 memoria
2128 1482 2334 1533 vetera

266 1553 563 1630 repetenti
594 1554 871 1630 perbeati
905 1555 1115 1632 fuisse,
1148 1557 1366 1631 Quinte
1398 1559 1599 1630 frater,
1635 1556 1725 1617 illi
1756 1555 1949 1617 videri
1980 1558 2198 1629 solent,
2232 1556 2333 1632 qui

264 1635 323 1697 in
356 1638 583 1713 optima
611 1655 678 1698 re
708 1638 972 1713 publica,
1017 1658 1203 1716 quum
1243 1650 1302 1703 et
1341 1640 1681 1702 honoribus
1711 1650 1770 1702 et
1796 1657 2000 1700 rerum
2027 1650 2334 1715 gestarum

264 1720 458 1796 gloria
487 1721 795 1796 florerent,
826 1740 966 1783 eum
994 1723 1156 1785 vitae
1184 1742 1432 1786 cursum
1458 1735 1662 1787 tenere
1687 1733 2030 1798 potuerunt,
2064 1733 2129 1784 ut
2153 1725 2248 1784 vel
2274 1723 2331 1782 in

269 1804 514 1880 negotio
558 1806 691 1866 sine
721 1805 997 1881 periculo
1029 1810 1129 1869 vel
1158 1807 1217 1868 in
1251 1808 1377 1870 otio
1414 1825 1549 1868 cum
1573 1807 1863 1883 dignitate
1888 1823 2031 1869 esse
2057 1817 2324 1884 possent

265 1893 354 1949 Ac
398 1888 506 1950 fuit
548 1907 735 1966 quum
776 1890 920 1951 mihi
964 1909 1214 1968 quoque
1254 1891 1488 1974 initium
1527 1890 1961 1968 requiescendi
1990 1900 2176 1967 atque
2206 1889 2333 1951 ani-

262 1990 423 2034 mum
467 1976 546 2034 ad
585 1974 906 2050 utriusque
948 1985 1222 2037 nostrum
1266 1977 1582 2051 praeclara
1625 1976 1827 2035 studia
1866 1975 2172 2036 referendi
2207 1977 2333 2035 sore

261 2058 486 2118 iustum
527 2069 587 2120 et
631 2076 825 2134 prope
860 2060 939 2119 ab
969 2060 1252 2121 omnibus
1283 2076 1652 2121 concessum
1681 2058 2023 2130 arbitrarer,
2054 2059 2106 2117 si
2136 2057 2332 2116 inlini-

262 2151 359 2202 tus
404 2142 737 2203 rorensium
777 2160 978 2204 rerum
1023 2144 1195 2205 labor
1233 2153 1294 2205 et
1334 2141 1680 2204 ambitionis
1711 2139 2037 2216 occupatio
2067 2141 2331 2201 decursu

260 2224 582 2298 honorum,
617 2225 796 2287 etiam
828 2228 1044 2288 aetatis
1075 2228 1242 2289 flexu
1267 2226 1664 2289 constitisset.
1722 2226 1780 2286 2.
1813 2226 2006 2300 Quam
2033 2240 2206 2300 spem
2229 2241 2330 2285 co-

259 2307 615 2384 gitationum
645 2319 707 2371 et
735 2309 1130 2372 consiliorum
1160 2329 1432 2372 meorum
1464 2328 1650 2385 quum
1676 2326 1897 2385 graves
1922 2307 2330 2369 communium

257 2401 601 2468 temporum
631 2403 755 2454 tum
786 2392 934 2454 varii
969 2394 1159 2457 nostri
1192 2412 1376 2455 casus
1410 2396 1770 2455 fefellerunt.
1839 2395 1989 2454 Nam
2021 2393 2123 2467 qui
2156 2393 2331 2453 locus

264 2473 484 2551 quietis
534 2487 594 2538 et
644 2476 1090 2552 tranquillitatis
1137 2478 1536 2554 plenissimus
1583 2479 1711 2538 sore
1751 2474 2094 2549 videbatur,
2148 2474 2209 2535 in
2254 2493 2328 2537 eo

257 2559 558 2621 maximae
587 2562 782 2621 moles
813 2561 1225 2623 molestiarum
1258 2571 1319 2622 et
1348 2560 1905 2622 turbulentissimae
1936 2568 2329 2635 tempestates

255 2642 636 2705 exstiterunt.
706 2645 916 2720 Neque
959 2662 1105 2707 vero
1142 2645 1322 2706 nobis
1353 2644 1739 2720 cupientibus
1769 2653 1953 2718 atque
1984 2641 2326 2719 exoptanti-

254 2727 371 2787 bus
415 2727 649 2788 rructus
691 2726 801 2788 otii
852 2729 1031 2789 datus
1076 2739 1172 2790 est
1200 2730 1279 2789 ad
1309 2746 1419 2790 eas
1448 2739 1630 2802 arteS‚
1663 2726 1887 2803 quibus
1917 2744 1954 2786 a
1986 2726 2192 2801 pueris
2224 2728 2327 2787 dc-

253 2809 363 2871 diti
408 2810 650 2880 fuimuS,
692 2813 1093 2874 celebrandas
1132 2813 1289 2873 inter
1330 2828 1571 2887 nosque
1614 2810 1997 2872 recolendas.
2076 2810 2136 2871 3.
2180 2811 2325 2869 Nam

255 2894 449 2970 prima
492 2903 691 2955 aetate
731 2894 1056 2956 incidimus
1096 2895 1153 2956 in
1183 2896 1382 2972 ipsam
1417 2892 1933 2972 perturbationem
1964 2891 2326 2969 disciplinae

255 2976 499 3051 veteris,
542 2987 602 3038 et
643 2981 968 3040 consulatu
1011 2979 1369 3041 devenimus
1412 2979 1472 3039 in
1516 2979 1782 3039 medium
1825 2995 2025 3039 rerum
2058 2977 2325 3038 omnium

255 3071 559 3122 certamen
588 3070 775 3136 atque
806 3062 1151 3136 discrimen,
1196 3073 1256 3125 et
1297 3064 1416 3124 hoc
1446 3070 1687 3139 tempus
1719 3078 1899 3122 omne
1930 3070 2073 3137 post
2101 3077 2322 3121 consu-

254 3144 435 3205 latum
479 3143 817 3205 obiecimus
849 3144 922 3206 iis
954 3146 1262 3221 fluctibus,
1310 3145 1416 3223 qui
1459 3163 1571 3221 per
1600 3163 1716 3206 nos
1746 3162 1785 3205 a
1812 3144 2117 3206 communi
2150 3153 2325 3217 peste

251 3227 493 3302 depulsi
535 3229 595 3287 in
637 3240 878 3291 nosmet
918 3229 1093 3306 ipsos
1123 3231 1556 3291 redundarent.
1614 3230 1740 3290 Sed
1776 3238 1975 3289 tamen
2007 3226 2068 3287 in
2096 3226 2192 3287 his
2224 3229 2322 3287 vel

249 3309 683 3386 asperitatibus
723 3330 928 3373 rerum
967 3315 1068 3375 vel
1103 3313 1404 3390 angustiis
1436 3312 1729 3389 temporis
1761 3312 2072 3384 obsequar
2102 3310 2322 3371 studiis

247 3395 474 3456 nostris
505 3405 566 3456 et
597 3404 891 3471 quantum
916 3397 1060 3457 mihi
1085 3400 1182 3459 vel
1207 3401 1375 3460 fraus
1398 3395 1780 3456 inimicorum
1804 3396 1898 3453 vel
1926 3411 2151 3455 causae
2176 3393 2320 3454 ami-

247 3494 455 3538 corum
486 3481 584 3537 vel
615 3496 716 3540 res
748 3480 992 3555 publica
1019 3480 1243 3543 tribuet
1280 3485 1381 3544 otii
1418 3481 1497 3540 ad
1521 3477 1911 3540 scribendum
1935 3476 2318 3554 potissimum

328 3579 438 3620 cre.
486 3564 528 3621 Ι.
573 3562 632 3622 2.
1865 3570 1887 3621 1
