2622 3908
727 255 868 314 [ΑΒ.
903 256 973 313 11.
1022 255 1185 314 CAP.
1218 263 1482 318 70-72.
1527 261 1711 357 §.aas
1732 264 1944 317 --·293.
2191 250 2303 321 127

234 415 580 467 moventur.
639 408 852 480 Itaque
881 404 1247 465 imbuendus
1279 414 1374 465 est
1403 404 1486 476 is,
1524 404 1627 480 qui
1656 404 1870 467 iocose
1893 409 2060 479 volet
2082 406 2305 481 dicere,

233 488 418 565 quasi
445 498 663 550 natura
696 488 959 562 quadam
989 497 1130 563 apta
1161 489 1240 548 ad
1272 489 1425 548 haec
1459 505 1685 563 genera
1713 500 1774 550 et
1803 491 2105 563 moribuS,
2140 500 2203 550 ut
2229 492 2307 550 ad

234 573 541 648 cuiusque
585 571 752 632 modi
794 588 992 647 genus
1033 571 1272 631 ridiculi
1318 572 1519 631 vultus
1563 570 1743 631 etiam
1781 575 2306 644 accommodetur3

237 656 344 733 qui
376 657 624 732 quidem
657 671 780 730 quo
814 655 1089 715 severior
1120 662 1298 716 estet
1322 654 1576 728 tristior,
1608 661 1674 714 ut
1702 654 1761 714 in
1798 664 1883 730 te,
1917 660 2154 729 Crasse,
2188 657 2308 715 hoe

236 740 369 813 illa,
404 757 564 815 quae
597 738 909 810 dicuntur,
941 738 1202 798 salsiora
1232 736 1423 798 videri
1459 740 1677 798 solent.

405 821 549 883 290.
598 822 723 882 Sed
752 821 871 881 iam
902 829 998 893 tu,
1025 821 1284 892 Antoni,
1333 822 1438 895 qui
1469 822 1586 882 hoc
1642 818 1975 882 diversorio
2007 823 2307 883 sermonis

237 906 355 966 mei
398 906 656 966 libenter
697 904 1122 980 acquieturum
1149 913 1210 964 te
1241 920 1385 964 esse
1415 904 1651 976 dixisti,
1699 914 2005 980 tamquam
2041 904 2101 963 in
2135 906 2304 966 Pom—

236 988 472 1065 ptinum
522 985 871 1058 diverteris,
915 1004 1119 1063 neque
1159 1004 1484 1048 amoenum
1518 1005 1719 1063 neque
1753 989 2056 1049 salubrem
2088 990 2307 1062 locum,

238 1090 499 1142 censeo,
533 1081 599 1132 ut
627 1071 777 1131 satis
809 1070 915 1131 diu
946 1079 1003 1131 te
1037 1079 1215 1146 putes
1244 1071 1567 1144 requiesse
1597 1080 1656 1132 et
1682 1072 1796 1131 iter
1823 1072 2123 1147 reliquum
2161 1088 2300 1132 con·

236 1157 426 1216 ficere
456 1172 699 1230 pergas·
758 1156 887 1229 Ego
922 1171 1100 1227 vero,
1134 1164 1320 1229 atque
1350 1154 1541 1214 hilare
1573 1154 1820 1230 quidem
1850 1173 1887 1214 a
1913 1165 1969 1216 te
1992 1164 2303 1230 acceptuS,

235 1238 464 1314 inquit,
511 1247 572 1299 et
621 1255 807 1313 quum
851 1237 1089 1298 doctior
1129 1255 1241 1312 per
1285 1246 1342 1299 te
1416 1246 1539 1298 tum
1573 1237 1754 1299 etiam
1784 1238 2077 1300 audacior
2106 1241 2304 1300 factus

236 1321 356 1381 iam
397 1323 475 1383 ad
515 1321 860 1383 iocandum.
920 1323 1049 1381 Non
1096 1320 1259 1382 enim
1301 1339 1519 1383 vereor
1561 1339 1639 1382 ne
1667 1323 1806 1396 quis
1836 1338 1933 1380 me
1963 1322 2024 1383 in
2054 1321 2172 1384 isto
2203 1340 2302 1398 ge-

239 1423 386 1467 nere
420 1404 709 1466 leviorem
742 1405 858 1465 iam
889 1414 1087 1480 putet,
1128 1404 1418 1480 quoniam
1449 1404 1696 1481 quidem
1728 1415 1790 1466 tu
1818 1407 2131 1468 Fabricios
2163 1407 2304 1468 mih»

237 1498 525 1551 auctores
570 1498 629 1550 et
670 1489 1032 1562 Africanos,
1070 1488 1405 1564 MaximOS,
1442 1490 1743 1564 Catones,
1785 1491 2057 1569 Lepidos
2101 1501 2304 1567 protu-

240 1573 380 1634 listi.
439 1570 582 1633 291.
627 1573 751 1633 Sed
783 1572 1018 1633 habetis
1051 1590 1155 1646 ea,
1201 1592 1360 1648 quae
1391 1575 1673 1647 voluistis
1704 1594 1784 1638 ex
1814 1593 1910 1636 me
1940 1577 2182 1647 audire,
2229 1577 2305 1635 de

239 1657 467 1732 quibus
495 1656 740 1731 quidem
762 1656 1107 1718 accuratius
1131 1657 1458 1719 dicendum
1483 1668 1544 1719 et
1567 1660 1955 1735 cogitandum
1980 1659 2106 1719 fuit.
2156 1659 2303 1719 Nam

240 1749 485 1801 caetera
527 1739 798 1801 faciliora
829 1748 972 1802 sunt
1000 1749 1187 1816 atque
1216 1758 1293 1800 ex
1326 1741 1431 1813 iis,
1477 1760 1634 1816 quae
1667 1743 1826 1803 dicta
1859 1751 2026 1813 sunt,
2072 1742 2307 1816 reliqua

239 1833 576 1884 nascuntur
605 1825 824 1885 omnia.
912 1824 1142 1885 LXXII.
1187 1825 1318 1898 Ego
1364 1824 1525 1884 enim
1566 1843 1748 1898 quum
1779 1827 1858 1884 ad
1890 1842 2139 1885 causam
2172 1842 2304 1884 sum

239 1923 577 1983 aggressus
607 1917 793 1984 atque
825 1909 1029 1971 omnia
1058 1907 1414 1983 cogitand0‚
1452 1909 1657 1983 quoad
1690 1909 1892 1970 facere
1928 1906 2129 1984 potui,
2174 1925 2304 1983 per-

242 2001 527 2064 secutuS,
575 2011 757 2067 quum
814 2002 874 2054 et
911 2000 1268 2068 argumenta
1313 2009 1539 2053 causae
1580 2006 1640 2052 et
1680 2009 1791 2052 eos
1836 1994 2038 2063 locOS‚
2083 1992 2305 2066 quibus

240 2075 427 2135 animi
474 2075 741 2136 iudicum
785 2076 1212 2149 conciliantur,
1254 2085 1315 2138 et
1358 2077 1525 2149 illos,
1582 2075 1804 2150 quibus
1858 2084 2306 2151 permoventur,

241 2159 367 2219 vidi
412 2165 595 2234 atque
640 2163 930 2234 cognovi;
977 2171 1102 2221 tum
1139 2160 1443 2221 constituo
1480 2158 1624 2235 quid
1653 2160 1872 2221 habeat
1901 2177 2089 2220 causa
2120 2175 2303 2233 quae-

245 2259 367 2318 que
399 2242 573 2317 boni,
607 2243 752 2319 quid
785 2244 941 2304 mali.
1005 2245 1183 2305 Nulla
1224 2244 1386 2305 enim
1432 2246 1559 2305 fere
1590 2252 1801 2320 potest
1827 2263 1927 2305 res
1970 2243 2030 2303 in
2062 2242 2305 2303 dicendi

243 2325 750 2402 disceptationem
798 2337 901 2388 aut
947 2329 1430 2390 controversiam
1459 2332 1701 2403 vocari,
1745 2346 1903 2404 quae
1935 2345 2058 2389 non
2088 2328 2308 2387 habeat

245 2419 598 2485 utrumque,
632 2413 763 2483 sed,
796 2422 1086 2487 quantum
1116 2414 1353 2483 habeat,
1387 2413 1451 2473 id
1479 2416 1679 2475 refert.
1739 2412 1882 2474 292.
1938 2414 2077 2474 Mea
2106 2420 2306 2472 autem

244 2493 399 2553 ratio
443 2494 597 2554 haec
638 2512 781 2557 esse
824 2495 882 2556 in
925 2495 1187 2558 dicendo
1221 2498 1408 2568 solet,
1451 2505 1545 2568 ut,
1581 2496 1726 2556 boni
1757 2498 1922 2572 quod
1955 2498 2201 2570 habeat,
2244 2495 2306 2555 id

243 2580 607 2651 amplectar,
651 2596 973 2653 exornem,
1016 2596 1414 2655 exaggerem3
1458 2578 1541 2639 ibi
1588 2597 1957 2653 commorer,
2011 2581 2093 2640 ibi
2138 2579 2304 2639 habi-

244 2673 397 2731 tem,
442 2660 523 2720 ibi
570 2662 882 2724 haeream=
927 2681 963 2724 a
1006 2666 1163 2724 malo
1206 2672 1410 2722 autem
1451 2661 1724 2738 vitioque
1768 2679 1992 2723 causae
2027 2663 2109 2723 ita
2140 2680 2307 2722 rece—

243 2747 415 2815 dam,
465 2762 584 2806 non
632 2757 694 2807 ut
736 2747 797 2807 id
842 2765 939 2808 me
980 2748 1273 2823 defugere
1304 2754 1623 2821 appareat,
1676 2747 1789 2805 sed
1831 2754 1897 2805 ut
1927 2754 2115 2805 totum
2146 2746 2308 2804 bono

241 2827 348 2888 illo
381 2830 657 2890 ornando
681 2840 742 2891 et
766 2833 1051 2906 augendo
1077 2830 1523 2892 dissimulatum
1549 2830 1852 2889 obruatur.
1921 2829 2006 2899 Et,
2038 2827 2090 2888 si
2123 2843 2310 2887 causa

242 2918 340 2973 est
381 2910 441 2971 in
485 2914 886 2989 argumentis,
938 2913 1284 2975 firmissima
1318 2930 1603 2989 quaeque
1633 2912 1894 2973 maxime
1925 2923 2131 2987 tueor,
2176 2909 2310 2972 sive

239 2996 421 3071 plura
452 3006 593 3057 sunt
622 2996 755 3058 sive
786 2997 1039 3072 aliquod
1067 3016 1283 3067 unum3
1323 2997 1417 3058 sin
1447 3006 1648 3057 autem
1671 2997 1731 3057 in
1759 2996 2185 3059 conciliatione
2208 3005 2312 3055 aut

238 3078 308 3139 in
350 3080 731 3153 permotione
775 3098 966 3142 causa
1007 3091 1130 3154 est,
1185 3083 1265 3141 ad
1305 3099 1440 3142 eam
1482 3099 1580 3142 me
1624 3081 2008 3159 potissimum
2057 3088 2310 3156 partem,

243 3179 406 3237 quae
462 3166 725 3227 maxime
776 3186 1032 3229 movere
1088 3169 1327 3229 animos
1385 3167 1692 3228 hominum
1750 3175 1985 3242 potest,
2033 3165 2307 3224 confero.

237 3244 386 3307 293.
429 3248 678 3309 Summa
720 3250 988 3326 denique
1024 3249 1206 3311 huius
1237 3249 1482 3324 generis
1515 3250 1669 3310 haec
1699 3259 1823 3320 est,
1866 3260 1932 3308 ut
1960 3250 2012 3307 si
2042 3246 2102 3306 in
2131 3246 2312 3305 refel-

239 3332 425 3393 lendo
470 3332 827 3395 adversario
872 3331 1104 3393 firmior
1144 3350 1288 3394 esse
1338 3333 1530 3394 oratio
1569 3350 1751 3408 quam
1782 3331 1840 3390 in
1874 3328 2307 3391 confirmandis

239 3414 471 3476 nostris
495 3416 680 3476 rebus
706 3427 930 3492 potest,
956 3416 1158 3478 omnia
1181 3415 1242 3476 in
1269 3417 1435 3477 illum
1461 3417 1581 3477 tela
1605 3417 1947 3483 conferam,
1980 3413 2074 3475 sin
2099 3423 2306 3476 nostra

241 3498 490 3574 probari
529 3498 800 3572 facilius,
846 3518 1026 3576 quam
1058 3500 1159 3560 illa
1189 3498 1474 3574 redargui
1505 3509 1800 3574 possunt,
1846 3498 2152 3561 abducere
2181 3496 2306 3559 ani-
