2622 3908
282 183 364 248 56
1042 183 1142 242 DE
1181 181 1543 253 ORATORE

282 335 584 412 recipiunt
611 343 673 395 et
703 333 880 410 quasi
913 335 1366 409 quodammodo
1399 333 1707 409 colligunt.
1764 333 1896 394 Hoc
1929 349 2043 395 nos
2071 332 2126 393 si
2148 335 2345 395 lacere

292 418 564 492 velimus,
595 426 738 480 ante
768 418 1251 479 condemnentur
1277 418 1340 492 ii,
1371 433 1629 492 quorum
1659 433 1882 478 causas
1913 416 2345 493 receperimus,

287 519 467 578 quarn
495 501 749 574 totienS,
784 500 1067 577 quotiens
1096 500 1531 578 praescribitur
1549 501 1847 562 Paeanem
1870 508 1974 560 aut
1993 500 2344 562 Nomionem

286 585 613 646 citarimus.
673 582 817 645 252.
850 584 1082 658 Quodsi
1112 585 1173 645 in
1206 592 1403 661 gestu,
1437 584 1542 660 qui
1569 586 1820 646 multum
1851 592 2156 645 oratorem
2176 585 2347 643 adiu-

287 678 416 742 vat,
447 677 507 729 et
535 668 596 728 in
626 684 801 740 voce,
842 685 1000 745 quae
1029 687 1152 730 una
1179 667 1444 729 maxime
1472 667 1886 742 eloquentiam
1916 668 2013 727 vel
2043 683 2348 728 commen-

287 754 388 813 dat
417 754 514 812 vel
545 751 823 827 sustinet,
857 753 1178 814 elaborare·
1200 751 1380 813 nobis
1410 768 1533 812 non
1563 751 1707 812 licet
1733 768 1807 813 ac
1837 760 2065 818 tantum
2093 749 2154 810 in
2183 759 2349 812 utro·

290 853 411 912 que
440 835 702 913 adsequi
730 846 1097 911 possumus,
1142 840 1433 911 quantum
1475 834 1536 895 in
1583 835 1700 895 hac
1740 834 1874 896 acie
1905 834 2190 895 cotidiani
2220 851 2349 895 mu-

287 918 452 980 neris
486 919 668 996 spatii
696 918 875 991 nobis
919 921 1125 979 daturae
1185 927 1415 995 quanto
1458 919 1659 979 minus
1700 927 1797 979 est
1839 919 1917 977 ad
1961 917 2109 977 iuris
2154 917 2350 978 civilis

286 1002 678 1080 perdiscendi
709 1002 1176 1077 occupationem
1204 1003 1749 1063 descendendum?
1814 1003 1980 1078 quod
2003 1009 2065 1062 et
2087 1018 2351 1062 summa.

286 1087 391 1148 tim
420 1085 655 1162 percipi
686 1086 819 1146 sine
848 1085 1125 1147 doctrina
1151 1095 1357 1163 potest
1384 1095 1445 1147 et
1471 1086 1630 1146 hanc
1672 1086 1855 1146 habet
1896 1085 1973 1144 ab
2017 1084 2136 1145 illis
2163 1086 2348 1146 rebus

284 1171 866 1243 dissimilitudinem,
902 1172 1072 1246 quod
1103 1188 1226 1232 vox
1256 1178 1317 1232 et
1345 1178 1557 1244 gestus
1589 1170 1788 1230 subito
1826 1168 1983 1230 sumi
2018 1177 2078 1230 et
2106 1169 2352 1230 aliunde

227 1298 237 1306 .
283 1255 480 1330 adripi
510 1271 633 1314 non
663 1262 900 1330 potest,
931 1254 1079 1315 iuris
1109 1255 1335 1316 utilitas
1378 1255 1458 1313 ad
1502 1270 1806 1330 quamque
1847 1269 2097 1313 causam
2142 1269 2345 1327 quam·

282 1338 380 1398 vis
409 1345 664 1413 repente
696 1338 795 1398 vel
830 1354 868 1396 a
898 1337 1110 1413 peritis
1142 1341 1240 1398 vel
1276 1339 1355 1397 de
1385 1338 1553 1398 libris
1584 1338 1862 1412 depromi
1892 1343 2115 1411 potest.
2203 1334 2349 1398 253.

283 1422 497 1495 Itaque
528 1422 611 1480 illi
653 1420 1040 1481 disertissimi
1087 1421 1368 1481 homines
1411 1421 1721 1481 ministros
1763 1420 1989 1480 habent
2036 1418 2099 1479 in
2144 1418 2350 1481 causis

285 1504 432 1564 iuris
474 1502 740 1578 peritOS,
790 1519 976 1575 quum
1027 1502 1146 1576 ipsi
1188 1504 1311 1562 sint
1351 1519 1474 1562 non
1520 1503 1901 1578 peritissimi,
1953 1503 2087 1579 qui,
2132 1511 2199 1564 ut
2237 1504 2350 1563 abs

285 1594 343 1648 te
399 1586 606 1661 paullo
671 1594 812 1651 ante
864 1579 1096 1651 ,dictum
1154 1595 1279 1660 est,
1337 1587 1805 1663 pragmatici
1874 1595 2195 1648 vocantur.
2283 1588 2347 1646 In

287 1686 409 1745 quo
439 1669 633 1730 nostri
665 1671 911 1730 omnino
944 1671 1161 1730 melius
1190 1672 1409 1746 multo,
1456 1672 1622 1747 quod
1653 1671 2126 1731 clarissimorum
2157 1670 2345 1732 homi«

285 1771 429 1815 num
459 1753 816 1815 auctoritate
846 1756 1017 1828 leges
1048 1762 1110 1814 et
1138 1755 1270 1815 iura
1297 1763 1459 1816 tecta
1492 1771 1636 1815 csse
1676 1755 2018 1815 voluerunt.
2104 1754 2230 1815 Sed
2262 1761 2338 1814 ta·

286 1854 422 1897 men
454 1854 577 1897 non
609 1836 871 1912 fugisset
899 1837 1018 1898 hoc
1049 1837 1319 1900 Graecos
1349 1838 1661 1913 homines,
1705 1839 1756 1898 si
1802 1839 1885 1899 ita
1911 1855 2174 1900 necesse
2204 1853 2349 1898 esse

285 1922 549 1983 arbitrati
586 1930 1127 1997 essent,oratorem
1158 1922 1361 1999 ipsum
1392 1924 1634 1985 erudire
1664 1923 1724 1983 in
1754 1923 1885 1984 iure
1915 1923 2106 1995 civili,
2139 1939 2263 1983 non
2293 1921 2349 1982 ei

287 2008 726 2081 pragmaticum
769 2007 1109 2068 adiutorem
1153 2009 1320 2068 dare.
1406 2009 1525 2068 LX.
1584 2005 1729 2068 254.
1782 2008 1935 2067 Nam
1979 2008 2147 2082 quod
2193 2007 2349 2066 dicis

285 2099 664 2152 senectutem
694 2108 732 2150 a
760 2089 1091 2152 solitudine
1121 2091 1416 2151 vindicari
1461 2090 1610 2151 iuris
1654 2089 1848 2149 civilis
1891 2089 2176 2159 scientia,
2226 2090 2349 2148 for-

283 2182 452 2235 tasse
481 2176 661 2234 etiam
689 2173 991 2247 pecuniae
1019 2173 1453 2247 magnitudine.
1512 2172 1636 2231 Sed
1677 2186 1793 2231 nos
1835 2187 1956 2230 non
1990 2171 2138 2245 quid
2167 2170 2346 2230 nobis

289 2256 460 2329 utile,
489 2273 703 2316 verum
733 2256 880 2328 quid
912 2255 1136 2315 oratori
1167 2256 1583 2314 necessarium
1614 2252 1692 2314 sit
1726 2254 2094 2327 quaerimus.
2128 2252 2344 2328 Quam-

286 2355 467 2413 quam
485 2384 500 2412 ,
532 2338 818 2413 quoniam
849 2338 1033 2398 multa
1061 2337 1142 2396 ad
1171 2336 1431 2398 oratoris
1463 2335 1915 2398 similitudinem
1946 2338 2024 2398 ab
2055 2355 2174 2398 uno
2208 2338 2344 2398 arti-

286 2422 401 2485 fice
431 2422 756 2493 sumimuS,
794 2423 953 2483 solet
983 2421 1143 2480 idem
1183 2421 1449 2482 Roscius
1490 2420 1696 2481 dicere
1739 2438 1838 2494 se,
1887 2439 2010 2497 quo
2057 2425 2196 2498 plus
2227 2423 2342 2483 sibi

286 2505 497 2566 aetatis
534 2505 887 2579 accederet,
917 2521 992 2565 eo
1025 2504 1327 2565 tardiores
1361 2506 1620 2567 tibicinis
1664 2506 1885 2567 modos
1917 2515 1978 2567 et
2006 2514 2222 2568 cantus
2251 2523 2345 2566 re-

286 2588 600 2649 missiores
631 2604 775 2648 esse
806 2590 1120 2650 facturum.
1179 2590 1413 2664 Quodsi
1440 2592 1541 2650 ille
1570 2586 1856 2651 astrictus
1888 2601 2052 2651 certa
2083 2590 2345 2665 quadam

285 2687 673 2732 numerorum
695 2673 1113 2734 moderatione
1139 2682 1200 2734 et
1219 2675 1467 2749 pedum,
1497 2683 1697 2734 tamen
1718 2674 1947 2748 aliquid
1970 2675 2050 2734 ad
2071 2672 2342 2749 requiem

284 2756 617 2818 senectutis
648 2757 984 2832 excogitat,
1021 2765 1249 2832 quanto
1284 2756 1524 2817 facilius
1555 2774 1670 2818 nos
1704 2773 1827 2817 non
1857 2758 2069 2816 laxare
2098 2756 2339 2830 modOS,

284 2840 398 2899 sed
426 2848 589 2901 totos
617 2848 850 2902 mutare
880 2849 1255 2916 possumus?
1287 2839 1431 2901 255.
1462 2842 1673 2914 Neque
1688 2840 1844 2899 enim
1860 2840 1979 2900 hoc
1993 2848 2072 2911 te,
2103 2839 2344 2913 Crasse,

285 2922 451 2994 fallit,
482 2940 665 2997 quam
690 2925 873 2984 multa
889 2923 1011 2984 sint
1023 2931 1084 2984 et
1100 2940 1280 2999 quam
1305 2924 1476 2984 varia
1506 2939 1732 2998 genera
1758 2922 2018 2995 dicendi,
2065 2924 2127 2985 id
2176 2922 2345 2997 quod

281 3005 446 3066 haud
475 3005 694 3079 sciam,
731 3022 809 3065 an
833 3012 895 3065 tu
923 3007 1156 3082 primus
1189 3008 1566 3081 ostenderiS,
1610 3005 1714 3083 qui
1744 3007 1863 3066 iam
1893 3007 1998 3067 diu
2027 3008 2216 3067 multo
2251 3006 2338 3067 di-

284 3088 372 3150 cis
412 3089 732 3150 remissius
773 3097 834 3150 et
875 3090 1103 3164 leniuS,
1147 3107 1330 3166 quam
1368 3091 1646 3162 solebas;
1707 3106 1909 3165 neque
1949 3091 2148 3151 minus
2190 3090 2343 3151 haee

186 3183 217 3196 Χ
286 3182 295 3194 “
404 3189 480 3233 en
512 3180 614 3235 tua
642 3173 989 3250 gravissimi
1019 3174 1321 3235 sermonis
1353 3175 1602 3249 lenitaS,
1641 3191 1824 3250 quam
1854 3173 1957 3234 illa
1986 3191 2222 3235 summa
2250 3174 2341 3234 vis

282 3280 403 3333 010
450 3258 678 3319 ntentio
710 3258 1035 3333 probatura
1095 3257 1391 3334 multique
1433 3265 1709 3319 oratores
1753 3260 2026 3332 suerunt,
2070 3266 2135 3319 ut
2177 3259 2339 3318 illum

279 3352 449 3432 Scipi
498 3357 637 3401 nem
665 3342 946 3404 audimus
976 3351 1037 3404 et
1063 3341 1364 3416 Laelium,
1400 3343 1503 3419 qui
1535 3339 1737 3403 omnia
1766 3358 2049 3403 sermone
2078 3341 2338 3402 confice-

276 3448 409 3501 rem
441 3459 522 3517 pa
550 3427 655 3487 *llo
686 3426 1040 3500 intentiore,
1091 3443 1455 3504 numquam,
1498 3433 1563 3487 ut
1603 3425 1733 3486 Ser.
1779 3426 1999 3496 Galba,
2048 3423 2337 3486 lateribus

582 3543 647 3767 l.
