2622 3908
547 158 552 164 ’
617 175 758 232 LIB.
790 176 889 234 111.
953 177 1390 242 CAP.59—-61.
1445 188 1834 248 §.wo—223.
2100 242 2101 245 l
2153 165 2295 242 197'

205 340 538 403 serviatur:
574 338 861 414 equidem
882 347 1085 401 tamen
1117 359 1337 418 magno
1364 361 1555 421 opere
1580 362 1808 407 censeo
1840 347 2266 415 serviendum:

226 427 327 487 sed
347 425 488 484 illud
504 422 745 483 videtur
766 425 842 484 ab
865 423 1042 484 huius
1067 426 1261 486 nostri
1284 428 1586 488 sermonis
1609 430 1817 490 officio
1834 448 1958 492 non
1984 431 2266 491 abhorre-

228 526 303 574 re.
328 509 505 581 quod,
543 513 611 567 ut
633 506 758 566 dixi
783 509 987 579 paullo
1021 516 1180 580 ante,
1204 511 1480 583 plurimis
1501 511 1560 571 in
1586 513 1771 572 rebus
1810 516 1980 581 quod
2010 513 2269 573 maXime

222 606 310 658 est
341 596 507 672 utile,
539 596 604 658 id
638 599 850 660 nescio
884 616 1007 674 quo
1038 609 1222 675 pacto
1255 599 1436 660 etiam
1466 600 1645 660 decet
1678 601 1962 662 maxime.
2012 603 2163 662 Nam
2194 605 2268 662 ad

223 697 418 741 vocem
464 681 858 743 obtinendam
901 682 1048 742 nihil
1091 691 1187 743 est
1226 682 1434 743 utilius
1484 699 1665 756 quam
1714 683 1931 746 crebra
1971 685 2269 758 'mutati03

219 763 350 822 nihil
389 763 798 839 perniciosius
837 783 1019 840 quam
1055 766 1256 827 effusa
1287 765 1421 825 sine
1451 764 1904 828 intermissione
1935 769 2266 829 contentio,

216 846 347 908 225.
381 846 565 922 Quid,
616 849 696 908 ad
741 865 923 910 aures
968 859 1211 910 nostras
1263 858 1326 911 et
1376 849 1633 910 actionis
1680 849 2073 925 suavitatem,
2123 851 2265 926 quid

214 940 303 990 est
336 930 752 992 vicissitudine
782 941 843 992 et
862 932 1156 993 varietate
1180 943 1241 993 et
1262 933 1736 994 commutatione
1758 933 1960 1008 aptius
1977 942 2006 993 ’ἓ
2054 937 2268 1010 ltaque

213 1012 362 1073 idem
392 1014 721 1088 GracchuS,
760 1016 928 1090 quod
957 1025 1137 1091 potes
1163 1015 1396 1090 audire,
1431 1017 1657 1090 Catule,
1689 1034 1768 1077 ex
1789 1015 2023 1077 Licinio
2049 1017 2264 1080 cliente

212 1113 336 1170 tu0,
381 1098 636 1160 litterato
668 1097 942 1173 homine,
993 1116 1175 1174 quem
1219 1115 1465 1161 servum
1502 1098 1620 1160 sibi
1649 1099 1750 1161 ille
1785 1100 1997 1162 habuit
2025 1103 2104 1161 ad
2140 1119 2261 1161 ma-

210 1198 373 1255 num,
403 1199 540 1242 cum
570 1183 904 1243 eburneola
934 1181 1154 1244 solitus
1177 1183 1523 1244 esthabere
1542 1185 1783 1259 fistula,
1821 1183 1925 1258 qui
1951 1193 2139 1245 staret
2163 1201 2261 1244 oc-

207 1265 357 1324 culte
402 1275 542 1340 post
583 1264 816 1340 ipsum,
877 1283 1068 1342 quum
1104 1264 1587 1341 contionaretur,
1632 1267 1895 1343 peritum
1937 1266 2260 1341 hominem,

206 1346 304 1423 qui
346 1347 585 1409 inflaret
630 1348 907 1410 celeriter
948 1366 1094 1410 eum·
1125 1366 1378 1423 sonum,
1419 1367 1542 1426 quo
1584 1349 1753 1410 illum
1795 1359 1900 1411 aut
1940 1351 2262 1412 remissum

201 1430 489 1492 excitaret
521 1441 626 1494 aut
647 1448 685 1491 a
710 1431 1101 1494 contentione
1123 1442 1464 1495 revocaret.
1522 1432 1750 1494 Audivi
1773 1435 2143 1507 mehercule,
2175 1435 2254 1494 in-

203 1514 330 1590 quit
358 1515 633 1590 Catulus,
663 1525 726 1576 et
753 1533 944 1592 saepe
973 1534 1112 1578 sum
1140 1515 1476 1578 admiratus
1504 1516 1769 1578 hominis
1798 1535 1984 1592 quum
2010 1518 2263 1594 diligen-

198 1598 336 1659 tiam
368 1607 488 1658 tum
519 1598 699 1660 etiam
732 1601 1072 1661 doctrinam
1102 1609 1162 1660 et
1191 1599 1529 1661 scientiam.
1592 1600 1734 1662 226.
1781 1601 1914 1675 Ego
1950 1618 2132 1676 vero,
2175 1604 2261 1661 in·

197 1681 325 1758 quit
368 1682 661 1755 CrassuS,
710 1700 785 1744 ac
828 1684 1010 1745 doleo
1056 1683 1304 1758 quidem
1345 1683 1486 1744 illos
1518 1682 1688 1744 viros
1722 1684 1783 1742 in
1816 1700 1950 1743 earn
1987 1686 2259 1745 fraudem

194 1765 252 1826 in
280 1782 347 1826 re
378 1765 626 1842 publica
657 1784 802 1828 esse
831 1768 1160 1843 delapsos;
1194 1783 1567 1842 quamquam
1597 1783 1673 1827 ea
1708 1767 1827 1827 tela
1854 1766 2077 1828 texitur
2101 1780 2163 1828 et
2189 1785 2263 1828 ea

190 1849 471 1911 incitatur
512 1849 573 1909 in
619 1849 860 1911 civitate
902 1849 1055 1912 ratio
1097 1849 1352 1910 vivendi
1394 1867 1467 1910 ac
1516 1849 1860 1926 posteritati
1903 1851 2261 1925 ostenditur,

192 1943 254 1995 ut
282 1950 496 1995 eorum
528 1932 781 2009 civium,
814 1951 972 2011 quos
1009 1935 1202 1996 nostri
1234 1942 1442 2010 patres
1466 1951 1590 1995 non
1616 1936 1911 2009 tulerunt,
1947 1932 2066 1995 iam
2096 1933 2259 1995 sirni-

190 2019 278 2077 les
317 2018 544 2079 habere
575 2017 917 2094 cupiamus.
988 2018 1175 2092 Mitte,
1209 2019 1490 2088 obsecro,
1523 2017 1738 2094 inquit,
1772 2018 2011 2091 Crasse,
2048 2018 2252 2091 IuliuS,

188 2118 536 2162 sermonem
579 2100 761 2162 istum
805 2110 865 2162 et
905 2110 964 2162 te
996 2102 1076 2161 ad
1105 2100 1364 2161 Gracchi
1399 2102 1663 2161 fistulam
1693 2103 1884 2161 refert
1932 2102 2109 2162 cuius
2142 2117 2258 2176 ego

186 2185 463 2246 nondum
493 2187 676 2261 plane
705 2183 1004 2246 rationem
1037 2184 1328 2259 intelligo.
1415 2185 1563 2245 LXI.
1609 2183 1752 2247 227.
1798 2186 1865 2244 In
1897 2184 2060 2245 omni
2085 2202 2260 2257 voce,

186 2267 387 2344 inquit
418 2269 708 2341 CrassuS,
743 2277 839 2329 est
863 2267 1155 2343 quiddam
1176 2266 1446 2328 medium
1462 2314 1479 2342 ,
1509 2269 1623 2329 sed
1649 2285 1826 2330 suum
1852 2267 2075 2343 cuique
2101 2267 2258 2329 voci.

186 2351 342 2412 Hinc
386 2350 685 2426 gradatim
732 2352 1072 2412 ascendere
1105 2368 1323 2411 vocem
1368 2350 1513 2412 utile
1549 2360 1610 2413 et
1639 2369 1833 2413 suave
1862 2360 1978 2412 est.
2041 2352 2192 2411 Nam
2223 2368 2255 2411 a

185 2434 493 2511 principio
532 2437 794 2495 clamare
830 2443 1075 2510 agreste
1110 2433 1401 2507 quiddam
1432 2444 1527 2496 εει
1569 2444 1630 2496 ει
1663 2436 1825 2496 idem
1861 2434 2012 2495 illud
2041 2435 2121 2495 ad
2158 2435 2251 2494 fir-

181 2519 475 2579 mandam
516 2530 613 2579 εει
653 2533 870 2578 vocem
907 2519 1188 2578 salutare.
1263 2516 1501 2577 Deinde
1542 2526 1638 2578 est
1682 2517 1974 2593 quiddam
2009 2527 2254 2579 conten-

182 2602 373 2664 tionis
398 2613 768 2675 extremum,
799 2601 969 2676 quod
993 2610 1193 2661 tamen
1218 2598 1471 2661 interius
1495 2610 1622 2674 est,
1653 2618 1836 2676 quam
1861 2600 2252 2662 acutissimus

180 2688 453 2760 clamor,
498 2703 620 2761 quo
670 2694 729 2745 te
770 2685 974 2745 fistula
1015 2682 1306 2759 progredi
1355 2699 1478 2743 non
1521 2683 1710 2759 sinet,
1753 2691 1816 2744 et
1848 2684 1968 2744 iam
2011 2684 2087 2743 ab
2121 2685 2257 2759 ipsa

180 2768 583 2832 contentione
624 2766 957 2829 revocabit.
1014 2768 1125 2828 Est
1169 2765 1313 2829 item
1356 2774 1568 2827 contra
1615 2765 1905 2842 quiddam
1946 2766 2008 2826 in
2046 2765 2255 2826 remis-

180 2851 364 2914 sione
400 2850 832 2927 gravissimum
877 2866 1128 2927 quoque
1161 2858 1472 2925 tamquam
1509 2866 1800 2911 sonorum
1829 2848 2121 2925 gradibus
2152 2851 2252 2909 de·

180 2936 522 2997 scenditur.
589 2937 758 2996 Haec
786 2935 1051 2995 varietas
1087 2941 1149 2995 et
1181 2932 1281 2993 hic
1315 2948 1429 3008 per
1457 2950 1671 2994 omnes
1703 2950 1896 2995 sonos
1923 2932 2100 2994 vocis
2121 2949 2254 2993 cur-

180 3034 290 3081 sus
325 3028 391 3080 et
420 3035 492 3080 se
525 3018 790 3080 tuebitur
823 3027 884 3079 ει
912 3014 1138 3078 actioni
1168 3017 1407 3078 adferet
1436 3015 1816 3079 suavitatem.
1870 3015 1995 3077 Sed
2026 3017 2254 3078 fistula-

178 3111 384 3164 torem
415 3102 581 3164 domi
612 3100 1000 3178 relinquetiS,
1048 3117 1297 3160 sensum
1329 3097 1511 3161 huius
1548 3098 2012 3163 consuetudinis
2047 3097 2253 3160 vobis-

177 3201 320 3248 cum
359 3187 443 3247 ad
476 3188 674 3248 forum
704 3184 1011 3247 deseretis.

355 3270 503 3332 228.
549 3269 758 3344 Edidi,
803 3284 963 3344 quae
995 3265 1197 3342 potui,
1238 3283 1363 3327 non
1397 3275 1464 3328 ut
1504 3265 1702 3340 volui,
1739 3266 1853 3327 sed
1887 3274 1954 3329 ut
1979 3284 2079 3328 me
2108 3276 2252 3328 tem·

176 3355 363 3427 poris
386 3355 709 3429 angustiae
731 3356 1083 3427 coegerunt.
1144 3348 1376 3411 Scitum
1399 3359 1496 3411 est
1517 3349 1678 3410 enim
1697 3366 1950 3412 causam
1973 3352 2255 3412 conferre

173 3433 232 3496 in
278 3448 569 3513 tempus,
621 3453 802 3513 quum
852 3435 1091 3496 adferre
1119 3434 1328 3510 plura,
1375 3433 1427 3493 si
1457 3432 1703 3511 cupiaS,
1740 3450 1861 3495 non
1895 3450 2113 3508 queaS.
2168 3435 2252 3494 Tu
