2622 3908
674 263 816 322 LlB.
849 263 947 321 111.
990 263 1154 323 CAP.
1186 272 1343 326 56—-
1366 272 1453 326 59.
1497 270 1548 330 §-
1578 273 1681 326 213
1703 302 1771 310 —
1792 276 1912 330 220.
2216 273 2329 334 195
2424 286 2427 289 ’

276 469 302 484 „
331 415 559 490 Impius
586 415 860 474 hortatur
887 432 979 475 me
1001 415 1223 488 frater,
1265 425 1330 475 ut
1356 432 1511 476 meos
1539 421 1711 478 malis
1740 422 1916 480 miser

328 499 693 558 Mandarem
723 507 892 559 natos
921 543 935 557 .
960 543 973 556 .
1000 542 1014 557 .
1039 542 1055 557 .

242 592 305 644 et
334 598 439 655 ea,
475 597 636 658 quae
668 589 731 643 tu
762 582 1022 654 dudum,
1060 581 1323 655 Antoni,
1356 583 1691 658 protulistiz

330 667 666 741 Seoreoare
695 669 799 727 abs
824 677 878 728 te
906 661 1100 728 ausu’s
1118 713 1134 726 .
1166 711 1341 730 .....

240 759 305 810 et

335 836 550 910 Ecquis
578 836 690 896 hoc
723 834 1186 898 animadvertit?
1226 840 1437 898 vincite
1469 881 1646 897 .....

241 926 306 978 et
335 922 562 980 Atreus
606 919 734 978 fere
779 927 963 980 totus.
1035 919 1222 981 Aliud
1253 921 1562 983 miseratio
1608 938 1681 981 ac
1715 939 1984 998 maeror,
2032 923 2318 1001 flexibile,

243 1003 529 1078 plenum,
562 1001 999 1077 interruptum,
1035 1002 1226 1064 flebili
1258 1021 1444 1066 voces

330 1087 458 1159 Quo
482 1103 645 1147 nunc
670 1104 764 1148 me
788 1085 1061 1149 vertam?
1103 1091 1265 1164 quod
1289 1092 1404 1150 iter
1430 1092 1716 1166 incipiam
1743 1090 2028 1167 imredil

326 1173 578 1232 Domum
593 1180 1019 1246 pater-namne.
1010 1169 1037 1218 ²
1078 1190 1238 1234 anne
1265 1175 1354 1233 ad
1378 1175 1582 1235 Peliae
1602 1175 1811 1248 filias?

238 1262 304 1315 et
328 1253 462 1315 illa·

330 1339 379 1400 0
399 1346 596 1415 pater,
639 1356 675 1400 o
700 1340 937 1415 patria,
982 1356 1018 1400 o
1044 1341 1282 1402 Priami
1306 1341 1552 1403 domus!

242 1433 307 1486 et
337 1439 496 1497 quae
527 1432 902 1498 sequuntur·

322 1508 491 1568 Haec
518 1509 714 1567 omnia
743 1508 867 1568 vidi
891 1509 1281 1581 inflammari,

325 1593 570 1652 Priamo
595 1594 657 1651 vi
679 1594 858 1652 vitam
885 1594 1115 1653 evitari.

238 1674 384 1737 218.
428 1675 613 1735 Aliud
641 1684 871 1746 metuS,
905 1676 1240 1736 demissum
1270 1686 1332 1737 et
1359 1677 1672 1739 haesitans
1704 1688 1765 1740 et
1793 1678 2127 1741 abiectum·

324 1761 533 1820 Multis
559 1776 687 1819 sum
714 1760 905 1820 modis
925 1762 1372 1832 circumventus,
1401 1764 1616 1834 morbo,
1645 1765 1857 1823 exsilio
1883 1771 2059 1838 atque
2080 1767 2308 1838 inopia:

332 1843 477 1903 Tum
500 1859 695 1918 pavor
725 1845 1079 1920 sapientiam
1106 1860 1333 1904 omnem
1361 1848 1446 1905 mi
1466 1849 1806 1906 exanimato
1831 1854 2177 1921 expectorat
2188 1868 2211 1916 ,-

322 1928 523 1988 Mater
551 1928 867 1988 terribilem
903 1929 1165 1988 minatur
1202 1932 1356 1989 vitae
1382 1932 1710 1990 cruciatum
1739 1937 1795 1990 et
1821 1947 2018 1992 necem
2035 1978 2049 2002 ,

327 2011 490 2082 Quae
516 2027 685 2072 nemo
712 2019 798 2072 est
824 2017 944 2071 tam
968 2014 1143 2084 firmo
1171 2015 1407 2087 inqenio
1433 2022 1491 2073 et
1516 2022 1682 2073 tanta
1710 2016 2066 2087 confidentia
2080 2062 2095 2088 ‚

327 2094 479 2165 Quin
505 2095 774 2170 resuyiat
808 2096 1009 2155 timido
1034 2113 1301 2170 sanyuen
1329 2105 1502 2172 atque
1526 2100 1866 2159 exalbescat
1891 2107 2062 2158 metu.

236 2177 383 2242 219.
411 2178 600 2239 Aliud
622 2177 742 2250 vis,
787 2188 1166 2252 contentum,
1198 2181 1563 2255 vehemenS,
1593 2180 1915 2242 imminens
1940 2181 2205 2258 quadam
2228 2188 2312 2241 in-

238 2261 530 2325 citatione
559 2260 904 2337 gravitatis=
1023 2320 1030 2331 ,

322 2349 549 2409 Iterum
585 2346 860 2422 Thyestes
881 2345 1119 2404 Atreum
1144 2350 1515 2402 attrectatum
1544 2344 1796 2414 advenit,

323 2432 549 2492 Iterum
579 2434 695 2491 iam
731 2432 1085 2506 aqqreditur
1112 2448 1203 2492 me
1235 2439 1294 2491 et
1329 2434 1584 2506 quietum
1615 2436 1955 2495 exsuscitat.

325 2517 525 2575 Maior
546 2516 693 2576 milti
716 2518 894 2575 moles
908 2561 922 2586 ,
955 2513 1145 2574 maius
1172 2517 1589 2577 miscendumst
1613 2522 1834 2579 malum
1847 2566 1860 2591 ‚

332 2601 444 2671 Qui
471 2602 632 2660 illius
659 2600 936 2659 acerbum
964 2615 1070 2658 cor
1099 2600 1458 2660 contundam
1485 2608 1542 2659 et
1567 2604 1973 2675 comprimam.

237 2682 425 2745 Aliud
471 2684 778 2757 voluptas,
841 2681 1138 2752 effusum,
1183 2682 1350 2754 lene,
1393 2691 1696 2756 tenerum,
1743 2684 2061 2744 hilaratum
2106 2702 2177 2745 ae
2218 2702 2313 2746 re·

238 2783 527 2828 missum:

324 2850 447 2908 Sed
472 2848 584 2907 sibi
609 2865 786 2922 quum
816 2852 1000 2909 tetulit
1031 2865 1308 2909 coronam
1340 2850 1411 2909 ob
1432 2849 1799 2922 coiuqandas
1827 2851 2094 2924 nuptias.

326 2930 455 2989 Tibi
488 2932 751 3008 ferebat,
783 2948 960 3007 quum
988 2933 1306 2993 simulabat
1331 2950 1393 2992 se
1413 2934 1526 2991 sibi
1550 2935 1666 2992 iam
1693 2932 1867 3003 faces
1892 2933 2074 3006 dare,

327 3027 473 3088 Tum
506 3027 592 3087 ad
621 3033 676 3087 te
705 3025 1036 3085 ludibunda
1065 3025 1234 3085 docte
1259 3032 1319 3085 et
1344 3026 1596 3086 delicate
1623 3025 1847 3084 detulit.

237 3110 422 3174 Aliud
452 3107 761 3170 molestiaae
809 3110 942 3169 sine
972 3107 1506 3169 commiseratione
1536 3124 1723 3183 grave
1756 3106 2067 3182 quoddam
2097 3114 2157 3165 et
2185 3120 2310 3165 uno

235 3212 466 3273 pressu
496 3210 570 3254 ae
602 3209 760 3254 sono
792 3192 1158 3253 obductum=

325 3281 456 3351 Qua
490 3284 826 3353 tempestate
854 3278 1033 3336 Paris
1061 3277 1349 3336 Helenam
1378 3277 1640 3351 innuptis
1668 3276 1866 3335 iunxit
1891 3274 2111 3349 nuptiis
2129 3318 2143 3344 ‚

320 3364 453 3438 qu
470 3380 594 3423 sum
613 3361 902 3436 qravida,
926 3363 1179 3436 expletis
1201 3364 1321 3421 iam
1342 3361 1480 3432 fere
1500 3360 1589 3418 ad
1600 3358 1963 3434 pariendum
1988 3356 2281 3417 mensibus
2291 3376 2309 3425 ,-

322 3449 441 3508 Per
461 3447 616 3507 idem
638 3454 864 3521 tempus
885 3445 1243 3521 Polydorum
1268 3445 1512 3505 Hecuba
1526 3451 1714 3520 partu
1727 3449 2025 3518 postremo
2041 3443 2227 3516 parit.

235 3531 386 3591 LIX.
431 3528 573 3592 220.
622 3529 847 3591 Omnes
893 3536 1094 3589 autem
1141 3528 1259 3588 hos
1300 3536 1503 3588 motus
1538 3523 2051 3668 εηὴεθᾳιίἰὸιὲθὺεῑ
2079 3535 2306 3599 gestus,
