2622 3908
317 252 437 315 188
938 219 944 224 ’
1060 251 1162 311 DE
1211 249 1575 312 oRAroRE

315 412 566 474 cuncta,
598 418 781 477 quam
814 401 867 461 si
898 400 1250 462 continuata
1278 417 1352 461 ac
1382 403 1716 477 producta,
1747 401 2019 460 membra
2051 401 2154 461 illa
2184 403 2377 464 modi-

313 487 493 547 ficata
522 501 667 545 esse
696 484 1039 560 debebunt,
1081 500 1242 560 quae
1270 484 1328 544 si
1360 487 1420 544 in
1452 494 1728 546 extremo
1759 481 2045 544 breviora
2076 493 2245 556 sunt,
2287 485 2376 547 in-

313 568 593 644 fringitur
618 569 721 628 ille
753 566 932 643 quasi
964 569 1290 629 verborum
1322 566 1615 629 ambitus=
1647 568 1737 626 sic
1759 565 1921 626 enim
1945 566 2060 628 has
2083 567 2380 630 orationis

312 650 754 713 conversiones
787 651 1004 712 Graeci
1039 650 1372 712 nominant.
1433 651 1633 726 Quare
1666 659 1772 711 aut
1794 649 1968 725 paria
1988 667 2133 712 esse
2154 653 2382 714 debent

311 733 657 814 posteriora
701 734 1124 810 superioribus
1159 744 1220 796 et
1243 744 1516 795 extrema
1542 732 1754 809 primis
1792 742 1925 807 aut,
1976 736 2144 809 quod
2199 735 2381 797 etiam

311 828 407 880 est
437 817 654 879 melius
685 827 747 879 et
774 816 1130 889 iucundiuS,
1169 817 1467 893 longiora.
1556 818 1757 877 XLIX.
1808 815 1948 878 187.
1993 821 2197 892 Atque
2224 818 2382 881 haec

310 902 559 978 quidem
594 903 672 962 ab
707 900 783 961 iis
818 900 1239 976 philosophis,
1285 917 1446 977 quos
1485 910 1546 962 tu
1576 901 1838 961 maxime
1868 898 2101 976 diligis,
2149 900 2379 976 Catule,

309 985 473 1046 dicta
502 994 672 1055 sunt;
708 985 880 1059 quod
908 1001 984 1044 eo
1017 983 1269 1058 saepius
1300 984 1624 1056 testificor,
1662 992 1729 1044 ut
1748 984 2102 1045 auctoribus
2125 985 2373 1046 laudan·

309 1069 405 1129 dis
438 1068 801 1143 ineptiarum
831 1068 1057 1128 crimen
1082 1067 1390 1142 effugiam.
1449 1068 1713 1143 Quarum
1735 1068 2024 1129 tandem?
2049 1066 2247 1143 inquit
2268 1068 2375 1129 Ca·

311 1154 502 1224 tuluS,
550 1161 655 1213 aut
694 1151 838 1228 quid
888 1151 1308 1226 disputatione
1349 1150 1469 1212 ista
1514 1150 1741 1211 adferri
1782 1160 1988 1227 potest
2035 1150 2380 1226 elegantius

309 1246 412 1297 aut
435 1234 682 1297 omnino
707 1234 828 1295 dici
854 1234 1180 1296 subtilius?
1239 1234 1379 1297 188.
1426 1237 1509 1295 At
1530 1235 1693 1295 enim
1716 1251 1952 1304 vereor,
1978 1234 2176 1310 inquit
2201 1235 2377 1296 Cras·

311 1335 448 1390 suS,
495 1335 574 1378 ne
604 1319 757 1379 haec
794 1327 898 1379 aut
927 1317 1274 1379 difficiliora
1305 1316 1441 1378 istis
1476 1319 1556 1379 ad
1585 1319 2085 1394 persequendum
2116 1335 2261 1379 esse
2290 1320 2379 1378 vi—

309 1403 567 1463 deantur
607 1410 741 1476 aut,
789 1401 934 1475 quia
974 1419 1095 1462 non
1138 1403 1459 1462 traduntur
1496 1400 1557 1461 in
1604 1401 1839 1476 vulgari
1883 1402 2001 1462 ista
2033 1400 2381 1478 disciplina,
2440 1457 2446 1462 .

308 1501 424 1545 nos
455 1501 532 1545 ea
560 1484 794 1545 maiora
828 1502 901 1545 ac
931 1484 1277 1545 difficiliora
1299 1484 1494 1545 videri
1517 1487 1678 1546 velle
1703 1484 2038 1546 videamur.
2093 1485 2243 1545 Tum
2267 1485 2377 1546 Ca·

311 1569 503 1628 tulus=
547 1568 751 1640 ErraS‚
783 1566 997 1642 inquit,
1032 1568 1274 1641 Crasse,
1313 1567 1367 1627 si
1393 1577 1497 1628 aut
1520 1585 1619 1628 me
1641 1569 1982 1630 authorum
2006 1585 2381 1644 quemquam

311 1656 490 1727 putas
543 1668 581 1711 a
627 1659 687 1712 te
733 1652 889 1712 haec
932 1668 1123 1727 opera
1165 1650 1474 1712 cotidiana
1514 1662 1576 1713 et
1615 1663 1952 1728 pervagata
1992 1661 2380 1728 exspectare.

309 1738 459 1810 Ista,
506 1752 665 1810 quae
707 1734 894 1810 dicis,
938 1735 1057 1797 dici
1103 1737 1420 1807 volumus;
1467 1746 1671 1811 neque
1712 1746 1833 1797 tam
1876 1735 1998 1797 dici
2041 1752 2225 1812 quam
2255 1734 2384 1797 isto

308 1817 429 1878 dici
459 1821 676 1890 modo;
712 1836 914 1895 neque
945 1818 1050 1880 tibi
1086 1820 1204 1880 hoc
1234 1836 1351 1896 pro
1380 1837 1477 1881 me
1509 1821 1740 1892 solum,
1770 1820 1882 1880 sed
1912 1836 2025 1895 pro
2056 1819 2153 1880 his
2185 1818 2375 1879 omni-

307 1903 423 1963 bus
456 1901 590 1964 sine
620 1904 742 1964 ulla
777 1902 1154 1965 dubitatione
1187 1905 1566 1979 respondeo.
1628 1902 1768 1967 189.
1811 1904 1944 1980 Ego
1970 1919 2150 1978 vero,
2180 1902 2379 1979 inquit

308 1987 640 2059 Antonius,
683 1986 889 2047 inveni
934 1990 1082 2062 iam,
1128 2004 1311 2062 quem
1347 2004 1635 2063 negaram
1668 1988 1727 2047 in
1759 2005 1866 2061 eo,
1914 2004 2096 2063 quem
2131 1986 2384 2062 scripsi,

308 2070 510 2132 libello
557 2088 655 2131 me
699 2069 1014 2132 invenisse
1055 2074 1466 2145 eloquentem.
1564 2072 1692 2132 Sed
1731 2087 1810 2133 eo
1852 2081 1912 2133 te
1964 2088 2044 2132 ne
2090 2071 2381 2131 laudandi

308 2155 555 2228 quidem
587 2172 778 2215 causa
807 2154 1225 2231 interpellavi,
1269 2172 1349 2215 ne
1394 2154 1543 2230 quid
1579 2156 1658 2215 dc
1693 2155 1812 2216 hoc
1842 2165 1963 2215 tam
1993 2154 2216 2228 exiguo
2248 2170 2378 2214 ser·

307 2239 505 2298 monis
535 2238 621 2299 tui
652 2248 925 2313 tempore
957 2240 1145 2299 verbo
1170 2256 1294 2299 uno
1327 2256 1464 2300 meo
1494 2237 1964 2300 deminueretur.
2032 2236 2173 2301 190.
2201 2238 2384 2298 Hanc

306 2320 504 2396 igitur,
531 2322 791 2382 Crassus
811 2320 1026 2397 inquit,
1063 2322 1145 2381 ad
1166 2324 1364 2396 legem
1388 2338 1577 2397 quum
1598 2321 2036 2384 exercitatione
2059 2331 2183 2382 tum
2213 2320 2380 2393 stilo,

308 2404 413 2479 qui
455 2414 517 2464 et
555 2404 675 2464 alia
717 2413 778 2465 et
817 2404 936 2465 hoc
980 2403 1244 2465 maxime
1288 2414 1466 2466 ornat
1495 2422 1568 2467 ac
1597 2404 1792 2480 limat,
1836 2406 2154 2467 formanda
2193 2404 2383 2465 nobis

307 2487 499 2547 oratio
531 2497 643 2547 est.
716 2488 930 2562 Neque
971 2497 1172 2549 tamen
1202 2489 1322 2551 hoc
1357 2491 1504 2551 tanti
1532 2489 1759 2550 laboris
1789 2499 1911 2562 est,
1960 2489 2169 2565 quanti
2206 2488 2367 2548 vide·

307 2579 431 2640 tur3
487 2586 602 2630 nec
653 2579 794 2632 sunt
835 2572 987 2633 haec
1027 2573 1510 2651 rhythmicorum
1545 2582 1651 2634 aut
1678 2574 2052 2634 musicorum
2081 2571 2384 2633 acerrima

302 2669 520 2714 norma
549 2653 895 2730 dirigenda:
937 2656 1332 2717 efficiendum
1360 2665 1457 2717 est
1484 2656 1633 2717 illud
1656 2657 1842 2718 modo
1866 2656 2077 2731 nobiS‚
2114 2673 2193 2716 nc
2223 2654 2384 2716 fluat

307 2737 530 2809 oratio,
566 2756 643 2799 ne
675 2747 958 2814 vagetur,
993 2757 1070 2799 ne
1101 2740 1345 2801 insistat
1369 2739 1654 2814 interiuS,
1690 2756 1767 2800 ne
1792 2748 2079 2801 excurrat
2098 2739 2384 2814 longius,

309 2831 373 2882 ut
400 2823 687 2882 membris
718 2822 1153 2899 distinguatur,
1195 2834 1263 2885 ut
1301 2823 1746 2884 conversiones
1782 2822 2003 2885 habeat
2035 2824 2381 2884 absolutas.

305 2906 517 2979 Neque
540 2922 785 2982 semper
805 2909 1098 2968 utendum
1121 2916 1216 2968 est
1243 2908 1650 2983 perpetuitate
1675 2916 1735 2968 et
1758 2907 1938 2983 quasi
1962 2906 2379 2968 conversione

305 2989 662 3060 verborum,
694 2990 807 3049 sed
836 3007 1026 3065 saepe
1063 2992 1376 3066 carpenda
1403 2990 1692 3052 membris
1720 2989 2147 3053 minutioribus
2178 2989 2385 3051 oratio

304 3081 426 3143 est,
463 3089 623 3148 quae
653 3083 852 3133 tamen
883 3072 1022 3149 ipsa
1054 3076 1326 3135 membra
1357 3084 1497 3136 sunt
1526 3075 1793 3136 numeris
1824 3073 2170 3135 vincienda.
2235 3072 2380 3135 191.

303 3157 517 3231 Neque
561 3173 675 3216 vos
721 3174 921 3231 paeon
966 3167 1069 3217 aut
1111 3157 1471 3220 herous‘ille
1501 3159 1839 3220 conturbet.
1896 3157 2021 3234 Ipsi
2051 3166 2377 3218 occurrent

306 3239 595 3310 orationi3
636 3239 787 3314 ipsi,
817 3240 1096 3316 inquam,
1134 3258 1204 3302 se
1239 3243 1499 3304 offerent
1526 3252 1587 3304 et
1613 3243 2075 3316 respondebunt
2103 3259 2228 3303 non
2264 3257 2377 3301 vo-

305 3321 441 3381 cati.
503 3322 897 3385 Consuetudo
941 3326 1125 3386 modo
1168 3324 1271 3385 illa
1318 3326 1396 3387 sit
1437 3324 1746 3387 scribendi
1779 3334 1965 3401 atque
1995 3323 2270 3397 dicendi,
2313 3332 2378 3385 ut

305 3404 643 3465 sentcntiae
686 3406 889 3468 verbis
937 3408 1223 3469 finiantur
1262 3425 1600 3486 eorumque
1648 3409 1971 3470 verborum
2005 3408 2235 3471 iunctio
2268 3424 2375 3467 na-

305 3495 514 3543 scatur
560 3503 598 3545 a
649 3492 925 3560 proceris
976 3492 1246 3551 numeris
1295 3509 1370 3552 ac
1419 3492 1659 3559 tiberis,
1710 3492 1975 3554 maxime
2033 3494 2226 3554 heroo
2270 3501 2380 3552 aut
