2622 3908
339 263 460 325 130
1117 261 1220 320 DE
1264 261 1628 322 ORATORE

335 413 568 474 dixeris
604 413 1057 488 reprehendere
1103 429 1285 488 quam
1319 413 1487 487 quod
1518 412 1828 488 sapienter
1855 414 2121 475 tacueris
2156 416 2409 475 laudare

335 505 615 574 possunt.
674 495 817 557 302.
849 495 961 556 Hic
987 505 1280 570 quantum
1301 497 1370 556 fit
1390 496 1548 565 mali,
1576 496 1628 556 si
1652 497 1886 571 iratum,
1913 497 1968 556 si
1992 515 2115 559 non
2140 499 2409 571 stultum,

335 580 390 641 si
433 597 555 641 non
605 581 802 640 levem
847 588 1061 640 testem
1110 580 1397 639 laeseris!
1438 581 1670 640 ,Habet
1710 581 1871 641 enim
1919 591 1980 642 et
2030 583 2410 642 voluntatem

337 665 597 725 nocendi
641 662 700 722 in
745 662 1062 723 iracundia
1099 671 1160 723 et
1204 662 1325 721 vim
1366 662 1428 722 in
1474 662 1718 737 ingenio
1763 672 1824 724 ct
1868 665 2115 738 pondus
2159 663 2221 723 in
2249 664 2409 727 vita:

335 764 481 820 nec,
525 747 579 808 si
607 747 727 808 hoc
765 748 1027 806 Crassus
1057 763 1178 807 non
1211 746 1553 817 committit,
1598 746 1740 807 ideo
1773 764 1893 808 non
1926 747 2096 808 multi
2126 755 2187 809 et
2216 764 2411 822 saepe

336 830 733 892 committunt.
766 831 898 905 Quo
921 828 1168 905 quidem
1191 829 1336 889 mihi
1360 829 1596 906 turpius
1616 830 1815 890 videri
1839 831 1986 891 nihil
2011 832 2187 903 solet,
2225 847 2409 906 quam

337 912 505 991 quod
566 931 646 974 ex
682 913 941 974 oratoris
984 913 1145 973 dicto
1185 913 1394 988 aliquo
1431 922 1534 974 aut
1561 931 1870 989 responso
1901 924 2005 975 aut
2030 922 2247 988 rogato
2280 929 2410 974 ser-

335 1017 434 1059 mo
477 999 578 1059 ille
624 997 931 1073 sequitur=
1005 995 1334 1057 Occidit.
1403 998 2121 1059 Adversariumne?
2179 999 2409 1057 Immo

336 1099 560 1153 vero,
594 1081 794 1154 aiunt,
829 1098 912 1141 se
955 1090 1246 1147 etcum,
1291 1098 1509 1156 quem
1555 1081 1935 1142 defendit.
1993 1082 2226 1142 LXXV.
2262 1079 2410 1142 303.

337 1168 471 1226 Hoc
517 1166 778 1225 Crassus
828 1183 951 1226 non
996 1173 1170 1240 putat
1208 1164 1330 1225 nisi
1373 1164 1632 1239 perfidia
1675 1165 1959 1226 accidere
2010 1181 2231 1240 posse,
2289 1180 2408 1239 ego

337 1260 539 1311 autem
584 1247 951 1325 saepissime
992 1249 1176 1308 video
1208 1248 1269 1307 in
1307 1247 1515 1309 causis
1543 1247 1776 1322 aliquid
1804 1249 1947 1308 mali
1979 1251 2181 1309 facere
2211 1247 2409 1308 homi-

337 1351 450 1394 nes
481 1333 724 1393 minime
755 1333 971 1393 malos.
1030 1332 1218 1405 Quid,
1248 1332 1428 1404 illud,
1465 1333 1631 1407 quod
1664 1332 1852 1406 supra
1883 1332 2039 1401 dixi,
2074 1332 2278 1392 solere
2311 1347 2410 1390 me

344 1418 562 1477 cedere
594 1425 681 1489 et,
731 1425 798 1477 ut
827 1415 1070 1490 planius
1100 1414 1329 1488 dicam,
1376 1419 1586 1491 fugere
1614 1432 1718 1489 ea,
1755 1433 1912 1490 quae
1946 1416 2127 1476 valde
2157 1431 2407 1474 causam

342 1516 536 1559 meam
590 1507 966 1573 premerent,
1014 1516 1199 1573 quum
1254 1499 1319 1559 id
1369 1516 1489 1559 non
1549 1499 1778 1559 faciunt
1817 1498 1917 1559 alii
1961 1508 2408 1573 versanturque

342 1582 398 1643 in
433 1582 699 1643 hostium
729 1582 947 1643 castris
976 1598 1050 1642 ac
1086 1599 1201 1641 sua
1230 1581 1539 1657 praesidia
1568 1582 1899 1653 dimittunt,
1938 1581 2410 1643 mediocriterne

342 1665 548 1727 causis
592 1675 845 1738 nocent,
892 1683 1077 1740 quum
1118 1674 1223 1726 aut
1265 1665 1757 1726 adversarIorum
1800 1665 2149 1727 adiumenta
2184 1666 2410 1725 confir—

346 1759 509 1810 mant
539 1758 643 1812 aut
671 1767 763 1821 ea,
796 1766 954 1825 quae
985 1766 1205 1810 sanare
1234 1758 1565 1824 nequeunt,
1597 1751 1995 1811 exulcerant?
2049 1748 2193 1810 304.
2231 1748 2407 1822 Quid,

342 1852 531 1911 quum
563 1850 995 1910 personarum,
1041 1851 1195 1909 quas
1233 1834 1599 1907 defendunt,
1643 1834 1937 1895 rationem
1982 1851 2103 1894 non
2139 1833 2411 1893 habent?

343 1918 425 1991 si,
461 1935 619 1994 quae
649 1917 877 1980 suntin
913 1916 1007 1979 *iis
1031 1916 1358 1990 invidiosa,
1395 1935 1516 1979 non
1546 1918 1820 1992 mitigant
1846 1917 2259 1988 extenuandO,
2297 1916 2410 1977 sed

346 2004 654 2064 laudando
696 2011 756 2063 et
796 2003 1111 2064 efferendo
1147 2000 1544 2063 invidiosiora
1582 2002 1840 2075 faciunt,
1888 2010 2179 2078 quantum
2224 2008 2321 2061 est
2351 2000 2411 2059 in

344 2103 419 2147 eo
464 2085 709 2147 tandem
760 2086 932 2146 mali!
1005 2086 1192 2159 Quid,
1237 2084 1289 2144 si
1335 2085 1394 2144 in
1437 2084 1715 2145 homines
1756 2102 1935 2145 caros
1975 2083 2412 2159 iudicibusque

334 2171 646 2231 iucundos
691 2171 823 2230 sine
862 2171 987 2230 ulla
1025 2168 1509 2244 praemunitione
1541 2168 1833 2230 orationis
1863 2169 2143 2229 acerbius
2174 2176 2237 2229 et
2266 2184 2413 2227 con·

349 2252 728 2315 tumeliosius
759 2251 1081 2323 invehare,
1126 2268 1331 2311 nonne
1393 2267 1430 2308 a
1475 2241 1538 2308 te
1585 2251 1822 2314 iudices
1852 2252 2209 2313 abalienes?
2264 2249 2412 2312 305.

346 2336 532 2411 Quid,
581 2334 665 2406 si,
712 2351 870 2410 quae
910 2333 1059 2395 vitia
1097 2343 1202 2394 aut
1241 2334 1629 2395 incommoda
1676 2345 1818 2398 sunt
1858 2335 1918 2396 in
1959 2335 2167 2412 aliquo
2206 2334 2413 2395 iudice

349 2436 467 2481 uno
504 2426 609 2477 aut
638 2418 949 2493 pluribuS,
991 2434 1068 2478 ea
1107 2424 1171 2479 tu
1207 2416 1267 2477 in
1297 2417 1671 2479 adversariis
1701 2421 2132 2495 exprobrando
2163 2435 2287 2479 non
2322 2416 2412 2477 in-

349 2500 584 2575 telligas
613 2507 673 2561 te
693 2503 754 2561 in
778 2503 1009 2564 iudices
1034 2505 1257 2578 invehi,
1275 2507 2053 2583 mediocre[ne]peccatum
2069 2504 2201 2563 esti
2233 2501 2412 2576 Quid,

348 2585 431 2656 si,
465 2601 651 2660 quum
683 2602 795 2659 pro
826 2586 1016 2646 altero
1051 2584 1254 2657 dicas,
1286 2586 1449 2646 litem
1478 2595 1641 2646 tuam
1674 2587 1863 2647 facias
1895 2595 1999 2647 aut
2026 2587 2236 2646 laesus
2263 2585 2412 2645 effe-

346 2685 482 2729 rare
522 2666 866 2740 iracundia,
914 2686 1160 2730 causam
1200 2669 1546 2744 relinquas,
1590 2668 1817 2732 nihilne
1860 2676 2132 2731 noceas?
2184 2671 2256 2729 ln
2287 2684 2414 2744 quo

346 2769 495 2829 ego,
560 2768 683 2813 non
737 2770 859 2827 quo
919 2752 1175 2813 libenter
1231 2755 1389 2813 male
1449 2753 1720 2826 audiam,
1791 2755 1905 2815 sed
1959 2753 2102 2828 quia
2160 2767 2414 2813 causam

348 2853 470 2897 non
514 2835 771 2897 libenter
810 2836 1121 2912 relinquo,
1164 2836 1413 2896 nimium
1457 2836 1694 2910 patiens
1737 2846 1797 2899 et
1830 2840 2030 2898 lentus
2059 2834 2413 2903 existimor3

350 2929 441 2990 ut,
472 2937 661 2994 quum
690 2928 751 2980 te
785 2918 1020 2995 ipsum,
1065 2919 1326 2996 Sulpici,
1374 2919 1800 2995 obiurgabam,
1848 2921 2014 2997 quod
2045 2918 2417 2979 ministrato-

349 3019 474 3064 rem
501 3013 766 3078 petereS,
797 3021 918 3064 non
943 3003 1383 3065 adversarium.
1440 3003 1532 3063 Ex
1559 3020 1681 3079 quo
1708 3004 1886 3065 etiam
1910 3003 2059 3064 illud
2080 3003 2413 3076 adsequor,

346 3096 440 3159 ut,
475 3084 529 3146 si
562 3087 701 3161 quis
734 3086 877 3146 mihi
905 3088 1064 3148 male
1094 3087 1286 3159 dicat,
1322 3088 1603 3161 petulans
1638 3097 1744 3148 aut
1772 3089 1953 3163 plane
1984 3088 2238 3147 insanus
2268 3099 2416 3144 esse

347 3169 645 3232 videatur.
705 3169 848 3231 306.
899 3172 965 3229 In
1009 3170 1162 3245 ipsis
1205 3182 1406 3232 autem
1448 3171 1820 3246 argumentis
1863 3170 1917 3231 si
1949 3169 2097 3246 quid
2126 3165 2416 3244 posueris

348 3263 453 3315 aut
481 3263 694 3330 aperte
726 3256 948 3315 falsum
978 3263 1084 3315 aut
1111 3253 1198 3326 ei,
1243 3255 1412 3331 quod
1453 3253 1683 3315 dixeris
1724 3255 2077 3315 dicturusve
2103 3253 2225 3321 sis,
2267 3268 2416 3311 con-

348 3338 596 3400 trarium
626 3347 732 3399 aut
759 3356 986 3414 genere
1014 3337 1153 3413 ipso
1187 3346 1483 3398 remotum
1512 3338 1590 3398 ab
1619 3355 1738 3398 usu
1771 3337 2131 3398 iudiciorum
2160 3353 2235 3396 ac
2261 3337 2420 3407 for0,

351 3420 578 3480 nihilne
633 3428 906 3481 noceas?
994 3420 1152 3494 Quid
1203 3423 1435 3482 multa?
1488 3421 1699 3499 ‚omnis
1755 3437 1903 3482 cura
1952 3437 2091 3481 mea
2146 3420 2305 3480 solet
2358 3419 2419 3477 in

352 3505 469 3561 hoc
511 3502 747 3562 versari
790 3520 1032 3578 semper
1071 3538 1146 3549 ——
1201 3504 1399 3564 dicam
1430 3504 1589 3565 enim
1621 3504 1874 3579 saepius
1903 3539 2020 3578 -—,
2066 3502 2119 3564 si
2154 3499 2420 3574 possim.
