2622 3908
325 216 444 278 190
1097 215 1197 274 DE
1243 213 1609 276 ORATORE

322 374 453 429 bus.
519 367 752 441 Quotus
793 364 954 427 enim
984 366 1248 442 quisque
1279 375 1376 426 est
1405 366 1509 441 qui
1544 375 1748 428 teneat
1771 374 1965 429 artem
1995 382 2384 429 numerorum

319 467 392 512 ac
426 451 794 511 modorum?
847 451 929 511 At
968 449 1028 509 in
1071 450 1166 510 his
1202 447 1253 510 si
1297 451 1567 524 paullum
1598 450 1783 511 modo
1817 449 2122 510 offensum
2152 461 2275 524 est,
2319 460 2387 513 ut

314 544 425 679 §.ut
448 532 865 595 contractione
888 532 1136 594 brevius
1161 534 1335 594 fieret
1358 542 1461 594 aut
1489 532 1896 608 productione
1921 532 2182 606 longius,
2217 534 2379 595 thea-

374 635 410 677 a
441 626 567 677 tota
594 618 943 678 reclamant.
1001 618 1188 690 Quid,
1233 616 1353 676 hoc
1388 634 1509 678 non
1541 616 1703 677 idem
1733 617 1800 677 fit
1827 615 1889 676 in
1919 617 2212 693 vocibuS‚
2253 627 2316 677 ut
2345 634 2381 680 a

319 699 699 761 multitudine
742 711 801 762 et
842 703 1072 776 populo
1117 717 1240 761 non
1282 702 1468 761 modo
1501 708 1782 761 catervae
1811 709 1996 775 atque
2025 710 2388 775 concentuS,

320 785 432 844 sed
464 784 644 845 etiam
676 783 796 860 ipsi
822 783 938 843 sibi
968 782 1191 859 singuli
1215 783 1641 860 discrepantes
1672 783 2031 845 eiiciantur?
2114 785 2217 857 LI,
2242 782 2380 848 197.

317 867 593 928 Mirabile
617 878 727 940 est,
756 885 939 942 quum
963 867 1285 943 plurimum
1307 865 1368 926 in
1394 867 1675 928 faciendo
1700 866 1937 928 intersit
1959 866 2114 928 inter
2135 869 2384 929 doctum
2424 910 2427 911 ν

319 963 380 1013 ει
406 952 621 1012 rudem
639 998 653 1024 ,
686 969 866 1026 quam
893 968 1014 1012 non
1040 953 1289 1012 multum
1316 950 1557 1012 differat
1579 951 1638 1011 in
1664 950 2015 1012 iudicando.
2071 953 2193 1011 Ars
2217 950 2380 1012 enim

322 1052 509 1110 quum
543 1052 581 1094 a
611 1044 823 1096 natura
855 1037 1131 1110 profecta
1161 1034 1267 1108 sit,
1315 1034 1433 1094 nisi
1479 1044 1693 1096 natura
1722 1046 1968 1095 moveat
1996 1051 2070 1095 ac
2100 1034 2382 1106 delectet,

318 1118 465 1179 nihil
509 1135 659 1179 sane
699 1118 907 1194 egisse
949 1119 1245 1180 videatur.
1313 1117 1472 1179 Nihil
1514 1128 1609 1180 est
1647 1127 1850 1180 autem
1894 1128 2015 1178 tam
2057 1127 2384 1194 cognatum

318 1201 621 1264 mentibus
657 1205 881 1264 nostris
914 1219 1093 1278 quarn
1126 1201 1361 1264 numeri
1390 1210 1574 1278 atque
1602 1219 1825 1272 voces;
1873 1201 2097 1278 quibus
2128 1210 2187 1262 et
2215 1201 2382 1262 exci-

322 1303 516 1348 tamur
554 1296 615 1347 et
649 1285 1030 1348 incendimur
1060 1296 1121 1348 et
1161 1285 1420 1346 lenimur
1450 1296 1509 1348 et
1539 1286 1993 1360 languescimus
2029 1295 2090 1346 et
2122 1285 2201 1345 ad
2230 1285 2386 1345 hila-

316 1370 551 1432 ritatem
576 1379 635 1431 et
655 1371 735 1430 ad
757 1369 1058 1432 tristitiam
1082 1387 1272 1445 saepe
1297 1369 1689 1440 deducimur;
1724 1386 1983 1444 quorum
2013 1368 2116 1428 illa
2145 1385 2383 1430 summa

320 1453 415 1514 vis
447 1452 817 1515 carminibus
846 1463 942 1514 est
971 1453 1171 1529 aptior
1201 1464 1261 1514 et
1291 1452 1603 1527 cantibus,
1636 1469 1758 1512 non
1794 1454 2101 1528 neglecta,
2143 1461 2208 1513 ut
2235 1451 2384 1512 mihi

322 1536 591 1609 videtur,
630 1553 669 1595 a
693 1537 887 1595 Numa
930 1553 1077 1611 rege
1120 1535 1480 1597 doctissimo
1523 1535 1981 1612 maioribusque
2012 1535 2273 1609 nostriS‚
2317 1544 2387 1596 ut

318 1621 633 1696 epularum
666 1618 1049 1681 sollemnium
1079 1620 1237 1681 fides
1267 1635 1341 1678 ac
1372 1619 1554 1681 tibiae
1586 1619 2014 1693 Saliorumque
2040 1635 2260 1680 versus
2289 1617 2387 1678 in-

318 1702 551 1774 dicaut3
599 1701 861 1763 maxime
903 1714 1102 1765 autem
1136 1720 1174 1762 a
1203 1703 1459 1764 Graecia
1490 1713 1697 1764 vetere
1731 1704 2054 1764 celebrata.
2147 1702 2386 1777 Quibus

317 1786 543 1849 utinam
580 1787 1003 1864 similibusque
1047 1788 1125 1848 de
1167 1788 1354 1847 rebus
1388 1786 1688 1862 disputari
1721 1805 1901 1861 quam
1930 1789 2008 1847 de
2041 1785 2385 1862 puerilibus

316 1871 412 1932 his
453 1872 782 1932 verborum
822 1870 1320 1932 translationibus
1363 1870 1764 1932 maluissetis!
1868 1869 2009 1934 198,
2051 1873 2279 1930 Verum
2314 1879 2384 1931 ut

316 1954 376 2016 in
406 1973 593 2017 versu
628 1957 877 2031 vulgus;
923 1956 977 2017 si
1007 1966 1103 2017 est
1131 1964 1480 2031 peccatum,
1524 1953 1720 2029 videt,
1750 1954 1872 2029 sic,
1917 1953 1968 2016 si
2000 1953 2149 2031 quid
2178 1952 2239 2014 in
2271 1971 2384 2016 no-

321 2051 447 2101 stra
477 2039 753 2101 oratione
783 2039 1104 2110 claudicat,
1139 2038 1340 2100 sentit.
1404 2038 1529 2099 Sed
1560 2043 1780 2115 poetae
1810 2056 1931 2100 non
1955 2037 2239 2114 ignoscit,
2270 2055 2384 2100 no-

319 2125 411 2184 bis
445 2123 762 2192 concedit3
799 2123 982 2185 tacite
1014 2132 1212 2184 tamen
1246 2139 1460 2183 omnes
1491 2140 1613 2184 non
1643 2139 1786 2183 esse
1816 2121 1993 2195 illud,
2029 2121 2199 2198 quod
2221 2120 2383 2182 dixi-

317 2223 481 2280 muS,
516 2217 723 2283 aptum
751 2209 1215 2282 perfectumque
1245 2212 1517 2267 cernunt.
1578 2208 1789 2281 Itaque
1818 2205 1903 2266 illi
1924 2215 2188 2280 veteres,
2219 2204 2385 2267 sicut

318 2289 500 2351 hodie
538 2290 720 2352 etiam
763 2292 1091 2351 nonnullos
1135 2288 1445 2361 videmuS‚
1503 2307 1689 2364 quum
1732 2288 2046 2351 circuitum
2088 2297 2151 2350 et
2197 2290 2383 2364 quasi

317 2375 527 2435 orbem
571 2375 897 2434 verborum
943 2373 1250 2433 conficere
1294 2390 1416 2433 non
1461 2383 1723 2449 possent
1749 2410 1833 2419 —-
1862 2390 2001 2433 nam
2028 2372 2092 2433 id
2129 2371 2382 2448 quidem

317 2472 511 2532 nuper
544 2458 643 2517 vel
673 2473 867 2532 posse
898 2458 996 2517 vel
1027 2458 1255 2517 audere
1286 2458 1605 2532 coepimus
1637 2495 1750 2531 —‚
1784 2466 1956 2518 terna
1981 2465 2084 2518 aut
2104 2455 2250 2516 bina
2272 2467 2384 2518 aut

317 2539 591 2600 nonnulli
635 2540 876 2615 singula
915 2540 1094 2601 etiam
1136 2542 1324 2600 verba
1368 2540 1678 2602 dicebant=
1733 2540 1838 2615 qui
1880 2542 1941 2601 in
1982 2540 2085 2601 illa
2126 2539 2384 2601 infantia

315 2625 587 2685 naturale
626 2622 805 2698 illud,
863 2626 1030 2699 quod
1073 2641 1252 2685 aures
1299 2624 1610 2685 hominum
1655 2623 2038 2700 flagitabant,
2090 2623 2383 2704 tenebant

313 2718 541 2778 tamen,
587 2717 654 2768 ut
687 2717 747 2768 et
775 2708 878 2768 illa
906 2717 1114 2769 essent
1147 2707 1352 2784 paria,
1391 2724 1547 2784 quae
1578 2708 1877 2780 dicerent,
1924 2717 1984 2769 et
2010 2706 2382 2782 aequalibus

313 2790 909 2867 interspirationibus
948 2801 1275 2852 uterentur.

480 2876 601 2934 LII.
642 2874 782 2936 199.
822 2875 1101 2951 Exposui
1134 2877 1292 2947 sere,
1340 2885 1405 2936 ut
1433 2873 1638 2949 potui,
1684 2891 1843 2949 quae
1877 2873 2140 2934 maxime
2170 2875 2251 2933 ad
2280 2890 2378 2934 or-

314 2968 518 3020 natum
551 2957 844 3018 orationis
876 2958 1183 3034 pertinere
1211 2958 1565 3018 arbitrabar.
1628 2956 1767 3017 Dixi
1805 2958 1965 3017 enim
1994 2958 2072 3017 de
2103 2957 2379 3032 singulo-

312 3058 445 3120 rum
490 3042 670 3102 laude
714 3041 1067 3114 verborum,
1113 3040 1241 3102 dixi
1281 3042 1360 3101 de
1390 3040 1819 3102 coniunctione
1849 3057 2091 3115 eorum,
2137 3039 2265 3100 dixi
2298 3041 2380 3101 de

311 3142 563 3188 numero
589 3133 775 3200 atque
797 3127 1007 3186 forma.
1066 3125 1191 3185 Sed
1221 3124 1274 3184 si
1291 3125 1473 3185 etiam
1503 3124 1772 3185 habitum
1793 3122 2086 3185 orationis
2111 3133 2172 3185 et
2194 3123 2380 3199 quasi

312 3211 583 3271 colorem
624 3208 890 3283 aliquem
932 3206 1271 3283 requiritis,
1317 3217 1413 3269 est
1456 3218 1516 3269 et
1549 3209 1734 3284 plena
1765 3208 2098 3283 quaedam,
2144 3208 2258 3268 sed
2288 3215 2375 3268 ta—

311 3310 449 3354 men
481 3303 671 3363 tereS,
706 3300 766 3353 et
794 3291 1023 3364 tenuis,
1058 3307 1181 3350 non
1213 3290 1349 3351 sine
1374 3291 1580 3351 nervis
1605 3308 1678 3351 ac
1704 3290 1965 3364 viribus,
1998 3301 2060 3352 et
2085 3307 2181 3363 ea,
2215 3307 2377 3366 quae

312 3375 623 3448 particeps
671 3374 991 3450 utriusque
1034 3372 1278 3451 generis
1328 3375 1593 3449 quadam
1622 3374 2039 3436 mediocritate
2066 3375 2374 3436 laudatur.

312 3455 420 3515 His
465 3455 654 3516 tribus
693 3456 904 3531 figuris
950 3457 1219 3517 insidere
1261 3458 1507 3532 quidam
1552 3457 1890 3532 venustatis
1933 3475 2057 3519 non
2086 3459 2230 3519 fuco
2261 3457 2367 3518 illi·
