2622 3908
742 226 885 286 LIB.
916 228 988 285 ΙΙ.
1033 226 1198 286 CAP.
1228 236 1262 290 9
1281 261 1353 271 -
1377 237 1461 288 ll.
1506 234 1559 295 S.
1588 235 1653 290 37
1671 236 1856 291 —46.
2258 227 2341 288 69

263 382 383 440 tule
412 387 476 439 et
505 378 763 452 Caesar,
799 396 924 440 non
954 378 1292 454 adessetiS,
1339 379 1546 455 posuit
1572 379 1839 441 breviter
1867 379 1928 440 in
1958 377 2107 440 artis
2139 377 2338 440 distri-

261 460 517 524 butione
547 460 739 536 idem,
788 464 956 538 quod
989 463 1207 524 Graec'i
1235 462 1517 539 plerique
1546 473 1919 541 posuerunt,
1953 480 2158 538 neque
2189 479 2340 524 sane

260 545 409 622 quid
438 543 582 622 ipse
613 545 896 619 sentiret,
941 547 1055 607 sed
1086 546 1234 622 quid
1271 548 1350 607 ab
1380 546 1501 608 illis
1534 546 1840 610 diceretur
1869 547 2169 609 ostendit:
2214 547 2338 609 duo

257 629 456 704 prima
486 646 719 705 genera
751 629 1180 704 quaestionum
1211 647 1383 704 esse,
1430 630 1761 707 inquibus
1806 630 2161 708 eloquentia
2201 647 2333 691 ver-

258 720 531 788 saretur,
563 731 753 774 unum
776 713 1102 787 infinitum,
1135 716 1391 775 alterum
1415 721 1666 775 certum.
1722 713 1826 776 42.
1858 716 2163 776 Infinitum
2194 713 2339 774 mihi

258 797 586 858 videbatur
628 797 693 857 id
736 797 971 871 dicere,
1015 797 1077 857 in
1124 815 1247 873 quo
1291 797 1526 874 aliquid
1555 799 1888 873 generatim
1921 806 2335 874 quaereretur,

256 881 374 942 hoc
404 882 597 941 modo
615 905 631 935 ε
674 882 1117 956 Expetendane
1147 891 1317 943 esset
1345 881 1741 958 eloquentia?
1783 881 2198 958 expetendine
2228 882 2336 941 ho-

255 972 489 1026 nores?
536 972 767 1025 certum
813 974 1047 1040 autem,
1090 965 1152 1026 in
1199 984 1321 1042 quo
1368 965 1517 1042 quid
1554 966 1618 1026 in
1658 964 1947 1042 personis
1990 974 2051 1027 et
2091 964 2154 1025 in
2192 981 2337 1034 con-

256 1048 467 1110 stituta
507 1065 580 1109 re
620 1057 681 1110 et
710 1049 960 1111 definita
992 1058 1418 1125 quaereretur;
1465 1049 1810 1111 cuiusmodi
1855 1059 2027 1124 sunt,
2073 1064 2233 1130 quae
2274 1047 2334 1109 in

256 1133 387 1193 foro
429 1141 622 1208 atque
665 1133 727 1192 in
773 1132 998 1193 civium
1043 1133 1249 1195 causis
1294 1132 1969 1210 disceptationibusque
2000 1139 2339 1194 versantur.

254 1214 354 1276 43.
397 1217 490 1276 Ea
533 1215 682 1276 mihi
728 1216 1009 1277 videntur
1051 1226 1156 1279 aut
1180 1218 1245 1290 in
1277 1215 1380 1277 lite
1413 1218 1646 1279 oranda
1674 1226 1778 1285 aut
1805 1217 1867 1276 in
1899 1215 2157 1278 consilio
2190 1216 2337 1276 dan-

258 1301 335 1360 do
367 1317 517 1362 esse
547 1300 771 1376 posita.
830 1301 980 1360 Nam
1010 1300 1161 1362 illud
1191 1301 1459 1373 tertium,
1495 1302 1663 1376 quod
1692 1309 1753 1361 et
1786 1318 1823 1361 a
1848 1301 2071 1361 Crasso
2111 1307 2336 1363 tactum

257 1390 351 1444 est
380 1393 472 1457 et,
504 1394 574 1445 ut
601 1383 786 1445 audio
803 1431 819 1458 ,
848 1383 949 1445 ille
979 1385 1118 1461 ipse
1145 1384 1543 1458 Aristoteles,
1594 1383 1699 1460 qui
1727 1383 2175 1445 haec'maxime
2204 1383 2338 1445 illu-

259 1467 502 1542 stravit,
548 1467 857 1542 adiunxit,
902 1469 1140 1531 etiamsi
1171 1485 1331 1545 opus
1361 1476 1485 1542 est,
1533 1467 1734 1529 minus
1766 1477 1863 1530 est
1891 1476 2090 1530 tamen
2121 1485 2337 1529 neces-

259 1551 507 1612 sarium.
573 1551 916 1625 Quidnam?
955 1553 1152 1629 inquit
1180 1554 1461 1626 CatuluS,
1490 1570 1568 1612 an
1599 1553 2030 1615 laudationes?
2077 1553 2146 1613 Id
2177 1552 2335 1612 enim

261 1633 440 1696 video
472 1636 625 1712 poni
656 1652 854 1710 genus
885 1636 1143 1698 tertium.
1230 1639 1332 1696 XI.
1386 1634 1489 1697 44.
1534 1638 1651 1710 Ita,
1683 1636 1885 1713 inquit
1908 1637 2247 1709 AntoniuS,
2278 1645 2338 1697 et

259 1716 320 1776 in
351 1734 424 1780 eo
461 1718 713 1795 quidem
742 1736 970 1795 genere
1000 1720 1129 1782 scio
1156 1730 1216 1782 et
1237 1736 1334 1780 me
1356 1729 1417 1781 et
1438 1738 1684 1795 omneS,
1719 1720 1823 1796 qui
1846 1722 2199 1794 adsuerunt,
2230 1723 2336 1782 de-

261 1802 519 1864 lectatos
552 1820 697 1864 esse
728 1803 1148 1877 vehementer,
1194 1821 1385 1879 quum
1419 1820 1457 1862 a
1485 1812 1546 1864 te
1578 1812 1675 1865 est
1702 1803 1967 1879 Popilia,
2011 1812 2202 1865 mater
2231 1821 2330 1864 ve-

263 1893 417 1963 stra,
461 1889 743 1962 laudata,
789 1887 887 1947 cui
933 1889 1193 1964 primum
1234 1886 1474 1947 mulieri
1515 1887 1678 1947 hunc
1712 1887 2009 1948 honorem
2037 1889 2098 1947 in
2128 1895 2335 1949 nostra

262 1969 505 2033 civitate
535 1971 823 2033 tributum
853 1980 1021 2047 puto.
1096 1971 1223 2032 Sed
1247 1988 1373 2031 non
1404 1969 1635 2043 omnia,
1684 1988 2110 2047 quaecumque
2138 1972 2337 2047 loqui-

264 2072 422 2131 mur,
468 2055 619 2115 mihi
660 2054 945 2116 videntur
973 2057 1054 2116 ad
1082 2063 1273 2116 artem
1304 2062 1365 2116 et
1393 2056 1473 2115 ad
1508 2063 1843 2133 praecepta
1870 2072 2014 2116 esse
2041 2071 2338 2116 revocan-

264 2138 356 2198 da.
416 2139 525 2201 45.
569 2141 665 2199 Ex
705 2139 802 2199 his
843 2140 1004 2199 enim
1049 2138 1350 2215 fontibuS‚
1392 2141 1558 2200 unde
1602 2137 1808 2200 omnia
1846 2147 2204 2200 ornamenta
2247 2141 2337 2199 di-

268 2225 439 2285 cendi
485 2233 833 2297 sumuntur,
864 2223 1071 2285 licebit
1099 2223 1280 2285 etiam
1310 2224 1721 2285 laudationem
1751 2221 1971 2285 ornare
2002 2240 2205 2300 neque
2234 2223 2338 2286 illa

263 2308 566 2369 elementa
596 2307 982 2383 desiderare,
1030 2326 1189 2384 quae
1221 2316 1289 2369 ut
1318 2325 1496 2368 nemo
1531 2310 1755 2384 tradat,
1801 2307 1943 2385 quis
1973 2317 2069 2370 est
2098 2307 2204 2384 qui
2233 2326 2338 2369 ne·

266 2390 445 2468 sciat,
482 2409 641 2468 quae
671 2391 794 2452 sint
819 2390 882 2452 in
912 2390 1157 2453 homine
1187 2394 1536 2453 laudanda?
1591 2391 1814 2454 Positis
1846 2392 2007 2455 enim
2030 2392 2105 2453 iis
2129 2396 2336 2470 rebus,

266 2492 419 2549 quas
455 2476 715 2537 Crassus
745 2474 808 2535 in
836 2475 998 2537 illius
1030 2476 1324 2538 orationis
1355 2493 1537 2550 suae,
1583 2493 1766 2552 quam
1798 2487 2009 2539 contra
2039 2479 2338 2553 collegam

267 2574 489 2623 censor
531 2559 771 2632 habuit,
830 2558 1127 2636 principio
1171 2558 1354 2620 dixit:
1428 2560 1638 2634 Quae
1687 2570 1967 2622 natura
2007 2570 2138 2623 aut
2180 2563 2338 2623 fo-r-

269 2649 449 2705 luna
491 2645 866 2705 darentur
907 2641 1380 2718 hominibuS,
1434 2642 1507 2702 in
1550 2642 1653 2703 iis
1700 2645 1937 2705 rebus
1985 2662 2069 2705 se
2123 2642 2339 2706 vinci

266 2742 502 2800 posse
561 2727 822 2790 animo
879 2744 1129 2803 aequo
1186 2725 1381 2802 pati;
1437 2743 1633 2801 quae
1691 2726 1849 2802 ipsi
1893 2726 2050 2788 sibi
2091 2726 2338 2789 homi-

268 2826 402 2873 nes
468 2828 754 2889 parare
804 2820 1169 2888 possent,
1232 2809 1306 2870 in
1371 2809 1466 2871 iis
1529 2812 1771 2872 rebus
1834 2827 1917 2871 se
1977 2811 2136 2885 pati
2187 2829 2335 2873 non

271 2910 507 2968 posse
558 2895 807 2956 vinci:
875 2894 980 2971 qui
1041 2894 1315 2957 laudabit
1365 2893 1741 2971 quempiam,
1811 2892 2105 2971 intelliget
2144 2901 2338 2973 expo·

269 2981 470 3040 nenda
507 2979 625 3041 sibi
666 2996 810 3041 esse
854 2981 1133 3041 fortunae
1174 2981 1358 3041 bona.
1442 2978 1544 3044 46.
1588 2981 1679 3040 Ea
1718 2988 1861 3042 sunt
1901 2979 2174 3056 generis,
2236 2997 2338 3056 pe-

269 3062 512 3139 cuniae,
556 3063 1072 3140 propinquorum,
1116 3063 1480 3139 amicorum,
1527 3081 1743 3141 opum,
1785 3063 2184 3137 valetudinis,
2219 3065 2339 3124 sor-

269 3161 429 3221 mae‚
477 3147 719 3223 virium,
764 3147 990 3224 ingenii
1033 3156 1094 3208 et
1137 3156 1515 3209 caeterarum
1557 3166 1790 3222 rerum,
1853 3164 2012 3223 quae
2057 3154 2199 3208 sunt
2237 3156 2342 3209 aut

270 3231 544 3306 corporis
585 3240 688 3293 aut
729 3240 1087 3303 extraneae;
1135 3230 1189 3292 si
1232 3232 1541 3306 habuerit,
1586 3234 1745 3293 bene
1790 3232 1976 3292 rebus
2019 3229 2095 3290 iis
2124 3247 2338 3304 usum3

270 3312 319 3373 si
364 3333 485 3376 non
530 3315 839 3389 habuerit,
887 3313 1199 3391 sapienter
1242 3315 1550 3387 caruisse3
1598 3315 1651 3377 si
1681 3313 1982 3389 amiserit,
2026 3314 2341 3377 moderate

270 3398 499 3460 tulisse.
554 3398 821 3474 Deinde,
869 3398 1018 3476 quid
1048 3398 1362 3475 sapienter
1394 3398 1481 3473 is,
1516 3415 1698 3475 quem
1734 3399 1969 3472 laudet,
2015 3399 2164 3476 quid
2192 3398 2340 3462 lihe-

272 3481 499 3558 taliter,
549 3482 698 3560 quid
740 3482 1001 3558 sortiter,
1048 3482 1197 3559 quid
1225 3482 1418 3554 iuste,
1465 3481 1613 3558 quid
1642 3481 1995 3559 magnifice,
2041 3482 2191 3560 quid
2221 3485 2341 3559 pie,
