2622 3908
685 232 823 292 LIB.
856 233 927 290 II.
973 231 1137 291 CAP-
1168 241 1236 295 62
1257 264 1326 275 —
1347 240 1431 294 64.
1477 237 1530 298 §-
1557 239 1892 294 251—-259.
2205 231 2325 294 119

249 394 350 446 est
382 383 912 457 venustissimum,
945 401 1133 458 quum
1162 381 1224 442 in
1256 382 1650 444 altercatione
1679 380 1976 458 adripitur
2005 384 2082 443 ab
2105 384 2322 444 adver-

161 458 172 477 ²
248 466 417 528 sario
459 468 715 528 verbum
760 477 820 528 et
862 484 943 527 ex
986 484 1093 540 eo,
1138 475 1204 527 ut
1245 483 1282 526 a
1327 466 1538 527 Catulo
1582 466 1643 526 in
1671 466 2045 542 Philippum,
2090 465 2152 526 in
2185 483 2324 528 eum

245 554 455 627 ipsum
477 550 709 625 aliquid
726 597 741 625 ,
786 550 895 626 qui
917 549 1257 623 lacessivit,
1300 548 1612 625 infligitur.
1658 548 1800 610 256.
1828 550 1954 612 Sed
1979 568 2164 626 quum
2191 553 2323 627 plu-

247 653 323 695 ra
353 634 474 696 sint
500 634 766 710 ambigui
793 651 1051 709 genera,
1082 635 1160 693 de
1186 635 1408 709 quibus
1431 641 1527 693 est
1549 633 1827 694 doctrina
1853 635 2155 707 quaedam
2181 637 2322 695 sub-

251 718 443 790 tilior,
490 720 805 780 attendere
840 727 901 778 et
928 717 1222 793 aucupari
1251 717 1442 777 verba
1472 718 1809 791 oportebit;
1854 717 1912 776 in
1946 735 2099 793 quo,
2136 727 2202 780 ut
2229 737 2322 793 ea,

260 819 418 878 quae
449 801 570 863 sint
600 800 943 877 frigidiora,
982 801 1244 862 vitemus
1321 834 1406 845 ——
1449 799 1671 861 etenim
1700 802 2043 862 cavendum
2073 812 2198 876 est,
2246 821 2323 863 ne

249 885 613 946 arcessitum
657 884 882 947 dictum
928 878 1298 959 putetur-
1296 886 1653 960 ,permulta
1689 895 1892 946 tamen
1937 893 2116 946 acute
2158 886 2321 947 dice-

250 987 409 1029 mus.
480 971 754 1030 Alterum
796 986 992 1065 genus
1034 978 1158 1042 est,
1204 969 1371 1064 quod
1412 968 1596 1029 habet
1626 985 1880 1044 parvam
1910 967 2126 1029 verbi
2110 987 2322 1030 immu-

254 1053 574 1126 tationem,
631 1053 799 1128 quod
843 1052 903 1111 in
947 1051 1142 1114 littera
1187 1050 1456 1127 positum
1501 1052 1717 1113 Graeci
1762 1061 1988 1114 vocant
2027 1071 2322 1132 παρονο-

248 1137 516 1216 μασίαν,
553 1146 621 1197 ιιι
652 1134 1133 1197 Nobiliorem
1164 1135 1654 1196 mobiliorem
1686 1137 1861 1198 Cato:
1894 1146 2015 1211 aut,
2045 1146 2112 1199 ut
2141 1135 2322 1210 idem,

252 1238 441 1296 quum
486 1219 727 1281 cuidam
769 1219 1057 1281 dixisset:
1112 1221 1386 1279 Eamus
1431 1220 2028 1282 deambulatum:
2085 1229 2146 1281 et
2178 1220 2320 1279 ille.

248 1302 443 1378 Quid
491 1320 685 1380 opus
729 1302 872 1364 ruit
914 1305 1046 1363 de?
1100 1305 1322 1363 Immo
1364 1320 1580 1375 vero,
1623 1303 1849 1379 inquit,
1897 1304 2082 1379 quid
2127 1321 2321 1379 opus

251 1386 400 1448 suit
442 1396 555 1448 te?
599 1395 702 1448 aut
734 1387 1010 1447 eiusdem
1045 1385 1371 1462 responsio
1396 1387 1527 1447 illa:
1575 1387 1651 1447 Si
1694 1397 1767 1449 tu
1820 1390 2319 1467 etladversus

248 1481 323 1532 et
351 1488 686 1551 aversus
716 1470 1155 1545 impudicus
1193 1488 1295 1530 es.
1354 1469 1498 1534 257.
1541 1470 1736 1533 Etiam
1765 1471 2181 1548 interpretatio
2215 1490 2318 1534 no·

249 1553 430 1614 minis
475 1555 659 1615 habet
698 1570 984 1627 acumen,
1029 1573 1214 1629 quum
1242 1554 1324 1614 ad
1353 1555 1675 1617 ridiculum
1708 1564 2065 1631 convertas,
2111 1575 2308 1634 quam·

248 1639 460 1698 obrem
495 1638 579 1698 ita
609 1636 748 1712 quis
779 1647 1061 1710 vocetur;
1100 1646 1165 1699 ut
1191 1655 1307 1713 ego
1339 1657 1567 1715 nuper,
1596 1640 1938 1701 Nummium
1969 1640 2313 1710 divisorem,

249 1730 316 1783 ut
341 1722 809 1797 Neoptolemum
841 1721 921 1780 ad
949 1721 1219 1793 Troiam,
1267 1721 1359 1782 sic
1402 1723 1569 1783 illum
1613 1723 1674 1783 in
1711 1740 1928 1800 campo
1957 1723 2174 1786 Martio
2211 1741 2319 1784 no-

248 1804 396 1885 men
433 1804 766 1866 invenisse.
852 1804 1060 1864 LXIV.
1104 1807 1310 1879 Atque
1353 1806 1507 1867 haec
1552 1805 1754 1866 omnia
1782 1808 1974 1866 verbo
2005 1805 2316 1867 continen-

249 1899 365 1949 tur.
435 1887 639 1965 Saepe
681 1887 862 1948 etiam
907 1904 1125 1949 versus
1169 1889 1366 1948 facete
1394 1888 1829 1961 interponitur,
1878 1891 1972 1948 vel
2003 1898 2070 1950 ut
2098 1897 2193 1949 est
2221 1891 2316 1948 vel

249 1974 587 2050 paullulum
638 1972 1014 2044 immutatuS,
1068 1981 1172 2032 aut
1250 1973 1455 2048 aliqua
1509 1990 1655 2048 pars
1701 1990 1954 2045 versuS,
2012 1983 2100 2034 ut·
2141 1973 2316 2035 Statii

250 2057 484 2116 Scauro
519 2055 953 2125 stomachanti3
1002 2072 1081 2116 ex
1114 2071 1237 2130 quo
1270 2065 1414 2116 sunt
1446 2054 1752 2130 nonnulli,
1786 2055 1890 2130 qui
1920 2063 2085 2116 tuam
2122 2056 2316 2130 legem

251 2141 330 2200 de
362 2137 609 2200 civitate
638 2149 869 2213 natam,
901 2140 1150 2211 Crasse,
1190 2138 1422 2198 dicant:

332 2224 429 2298 Sc,
461 2231 645 2285 tacete
659 2270 673 2295 ,
704 2225 852 2299 quid
876 2225 987 2284 hoc
1013 2226 1289 2283 clamoris
1303 2221 1335 2282 ,⁷
1369 2223 1563 2298 quibu'
1591 2240 1703 2284 nec
1727 2232 1920 2283 mater
1947 2239 2057 2283 nec
2079 2231 2272 2298 pater,

338 2308 526 2367 Tanta
555 2310 911 2380 confidentia
924 2305 956 2366 ?
997 2307 1247 2379 Auferte
1273 2310 1444 2367 istam
1474 2310 1628 2369 enim
1656 2308 2009 2383 superbiam.

250 2391 399 2449 Nam
444 2389 505 2450 in
546 2390 749 2452 Caelio
795 2406 947 2450 sane
990 2390 1172 2450 etiam
1213 2391 1293 2449 ad
1339 2407 1589 2452 causam
1632 2390 1779 2452 utile
1813 2389 1924 2453 fuit
1952 2399 2118 2451 tuum
2149 2388 2316 2464 inne,

243 2474 507 2549 Antoni,
552 2491 739 2548 quum
770 2473 871 2534 ille
901 2491 938 2533 a
968 2489 1037 2533 se
1068 2472 1393 2547 pecuniam
1424 2475 1761 2549 profectam
1794 2474 2024 2537 diceret
2054 2473 2228 2536 testis
2258 2482 2320 2535 et

245 2557 504 2618 haberet
531 2557 721 2618 filium
752 2555 1198 2629 delicatiorem,
1229 2558 1492 2616 abeunte
1520 2556 1641 2617 iam
1670 2558 1793 2631 illo,

331 2640 534 2701 Sentm
561 2658 756 2702 senem
783 2659 906 2701 esse
934 2646 1150 2700 tactum
1180 2641 1426 2713 triqinta
1452 2639 1669 2701 minis?

245 2722 392 2786 258.
440 2725 503 2783 In
533 2725 651 2785 hoc
683 2741 878 2806 genus
910 2722 1315 2784 coniiciuntur
1343 2723 1689 2798 proverbia,
1721 2732 1787 2783 ut
1814 2721 1963 2782 illud
1987 2721 2317 2798 Scipionis,

248 2825 439 2883 quum
468 2809 716 2868 Asellus
749 2824 963 2868 omnes
996 2805 1347 2881 provincias
1384 2806 1689 2882 stipendia
1719 2813 2051 2866 merentem
2083 2820 2152 2864 se
2180 2822 2312 2881 per-

246 2907 503 2966 agrasse
533 2890 923 2966 gloriaretur.
971 2893 1073 2965 Ag
1092 2907 1176 2950 as
1215 2892 1572 2963 asellum,
1605 2900 1663 2951 et
1695 2897 1954 2951 caetera.
2013 2889 2213 2965 Quare
2242 2906 2317 2950 ea

248 2992 529 3050 quoque,
580 2974 868 3051 quoniam
899 2972 1142 3034 mutatis
1173 2974 1379 3035 verbis
1413 2991 1536 3034 non
1570 2984 1835 3050 possunt
1861 2973 2123 3036 retinere
2155 2990 2314 3035 eam—

247 3059 389 3119 dem
436 3068 849 3132 venustatem,
893 3074 1016 3118 non
1059 3055 1121 3115 in
1149 3074 1245 3129 re,
1288 3060 1402 3119 sed
1436 3057 1497 3119 in
1528 3059 1733 3121 verbis
1764 3058 1970 3136 posita
1998 3060 2315 3120 ducantur.

244 3139 391 3204 259.
434 3142 545 3202 Est
577 3142 758 3203 etiam
787 3143 847 3203 in
876 3141 1068 3201 verbo
1101 3140 1368 3214 positum
1400 3160 1521 3204 non
1554 3142 1856 3204 insulsum
1884 3158 2080 3216 genus
2109 3157 2189 3201 ex
2218 3156 2314 3213 eo,

246 3243 436 3301 quum
468 3226 548 3286 ad
575 3226 862 3300 verbum,
907 3241 1026 3285 non
1059 3224 1135 3283 ad
1167 3226 1530 3287 sententiam
1561 3244 1690 3287 rem
1720 3226 2004 3301 accipere
2034 3224 2314 3296 videare3

244 3326 325 3370 ex
364 3326 488 3386 quo
517 3326 642 3370 uno
672 3325 899 3385 genere
929 3316 1093 3369 totus
1122 3317 1220 3368 est
1244 3310 1458 3383 Tutor,
1485 3313 1705 3372 mimus
1732 3318 1942 3382 vctuS,
1973 3307 2207 3384 oppido
2239 3305 2316 3369 ri-

244 3387 509 3455 diculus.
569 3393 692 3453 Sed
726 3395 880 3454 abeo
911 3410 949 3453 a
975 3392 1206 3463 mimis3
1252 3400 1483 3454 tantum
1517 3410 1713 3468 genus
1743 3392 1924 3453 huius
1953 3390 2243 3452 ridiculi
2228 3409 2316 3452 m·

244 3476 404 3550 signi
435 3476 641 3553 aliqua
671 3486 730 3538 et
758 3486 903 3539 nota
932 3494 998 3538 re
1029 3475 1226 3536 notari
1254 3478 1419 3538 volo.
1475 3477 1584 3537 Est
1612 3484 1812 3537 autem
1845 3492 1921 3538 ex
1944 3475 2064 3538 hoc
2088 3493 2311 3551 genere
