2622 3908
305 208 386 271 46
1087 207 1189 266 DE
1226 205 1592 267 ORATORE

305 361 467 421 volo.
519 358 663 422 214.
697 359 956 420 Crassus
984 375 1132 418 vero
1162 358 1308 417 mihi
1339 365 1549 418 noster
1576 357 1749 418 visus
1779 367 1876 418 est
1902 355 2164 418 oratoris
2191 359 2379 419 facul·

308 451 490 506 tatem
533 459 656 503 non
699 441 861 502 illius
904 441 1053 502 artis
1098 440 1400 514 terminiS,
1450 443 1563 502 sed
1606 439 1833 517 ingenii
1875 441 1972 502 sui
2015 440 2240 502 finibus
2271 440 2382 501 im-

309 527 536 591 mensis
567 542 766 602 paene
795 526 1164 587 describere.
1219 526 1371 584 Nam
1394 534 1456 586 et
1478 525 1790 586 civitatum
1811 526 2219 601 regendarum
2242 542 2381 586 ora·

309 609 423 672 tori
473 611 887 706 gubernacula
936 608 1237 670 sententia
1287 626 1402 669 sua
1453 609 1728 681 tradidit,
1785 608 1847 669 in
1900 627 2022 684 quo
2074 625 2187 683 per
2234 609 2380 668 mihi

309 693 523 754 mirum
564 693 763 755 visum
804 701 930 768 est,
983 693 1318 766 Scaevola,
1367 700 1428 753 te
1477 693 1596 754 hoc
1637 655 1728 753 iui'
1765 694 2143 767 concedere,
2193 710 2382 768 quum

309 776 674 852 saepissime
702 776 810 838 tibi
842 786 1092 838 senatus
1120 775 1390 837 breviter
1417 777 1814 852 impoliteque
1843 775 2069 837 dicenti
2097 775 2382 837 maximis

308 860 386 921 sit
424 862 502 922 de
542 862 729 922 rebus
773 860 1097 921 adsensus.
1153 861 1234 919 Μ.
1264 876 1415 920 vero
1450 860 1751 930 ScauruS,
1801 877 1983 935 quem
2028 875 2152 920 non
2195 861 2382 935 longe

309 943 432 1006 ruri
473 946 641 1020 apud
675 961 745 1005 se
777 961 918 1004 esse
949 943 1163 1016 audio,
1209 943 1304 1004 vir
1330 947 1639 1019 regendae
1666 942 1755 1003 rei
1787 943 2068 1018 publicae
2099 942 2382 1004 scientis-

309 1027 500 1090 simus
518 1075 533 1101 ,
564 1028 617 1090 si
646 1026 907 1088 audierit
934 1028 1092 1088 hanc
1120 1026 1541 1089 auctoritatem
1570 1027 1884 1102 gravitatis
1920 1036 1982 1088 et
2011 1026 2251 1087 consilii
2283 1025 2382 1087 sui

309 1111 605 1172 vindicari
635 1128 672 1171 a
699 1120 787 1186 te,
819 1113 1071 1186 Crasse,
1116 1113 1285 1188 quod
1313 1128 1449 1171 eam
1480 1109 1741 1173 oratoris
1769 1112 2082 1187 propriam
2112 1127 2256 1171 esse
2288 1110 2380 1170 di-

311 1212 447 1269 caS,
493 1195 645 1269 iam,
691 1195 908 1269 credo,
954 1195 1074 1256 huc
1114 1195 1322 1257 veniat
1364 1205 1426 1257 et
1456 1196 1615 1256 hanc
1644 1195 2076 1271 loquacitatem
2107 1204 2379 1255 nostram

309 1281 478 1340 vultu
506 1278 645 1355 ipso
677 1288 1060 1355 aspectuque
1090 1288 1464 1351 conterreat3
1512 1278 1618 1355 qui
1661 1295 2030 1355 quamquam
2073 1287 2169 1340 est
2195 1277 2257 1338 in
2290 1278 2377 1338 di-

308 1364 505 1424 cendo
529 1362 773 1423 minime
797 1365 1279 1425 contemnendus
1296 1411 1311 1438 ,
1335 1363 1658 1439 prudentia
1680 1372 1880 1423 tamen
1903 1380 2106 1423 rerum
2130 1378 2370 1438 magna·

305 1464 441 1507 rum
484 1445 679 1521 magis
726 1462 906 1521 quarn
949 1447 1193 1507 dicendi
1227 1457 1356 1508 arte
1386 1446 1610 1508 nititur.
1683 1446 1826 1508 215.
1871 1448 2084 1522 Neque
2112 1462 2291 1520 vero,
2326 1445 2376 1506 si

310 1528 448 1605 quis
486 1538 812 1605 utrumque
854 1538 1088 1605 potest,
1132 1541 1239 1592 aut
1272 1531 1375 1591 ille
1405 1529 1648 1591 consilii
1674 1530 1903 1606 publici
1931 1539 2147 1591 auctor
2174 1547 2249 1590 ac
2281 1546 2375 1590 se·

309 1622 482 1674 nator
515 1614 719 1675 bonus
762 1614 841 1673 ob
888 1631 1022 1674 earn
1060 1612 1258 1690 ipsam
1290 1631 1540 1676 causam
1570 1623 1776 1676 orator
1804 1623 1899 1676 est
1926 1623 2031 1675 aut
2056 1613 2155 1674 hic
2184 1612 2373 1674 diser-

310 1706 405 1758 tus
429 1705 613 1772 atque
636 1698 937 1772 eloquens
953 1744 969 1771 ,
1001 1697 1053 1762 si
1083 1707 1180 1759 est
1199 1692 1360 1758 i‘dem
1386 1700 1445 1757 in
1469 1698 1898 1774 procuratione
1921 1696 2181 1758 civitatis
2205 1712 2379 1771 egre-

307 1780 464 1856 gius,
489 1797 623 1840 eam
649 1781 843 1855 ipsam
867 1780 1186 1842 scientiam
1210 1781 1453 1842 dicendi
1478 1785 1660 1856 copia
1685 1788 1783 1841 est
1806 1789 2202 1842 consecutus,
2224 1781 2376 1842 Mul—

309 1874 432 1926 tum
475 1863 631 1925 inter
673 1882 742 1926 se
787 1865 1015 1926 distant
1053 1865 1209 1928 istae
1240 1868 1558 1928 facultates
1587 1868 1895 1942 longeque
1925 1874 2067 1927 sunt
2095 1865 2381 1926 diversae

307 1958 493 2025 atque
524 1948 837 2011 seiunctae
868 1967 1070 2027 neque
1097 1952 1314 2012 eadem
1338 1949 1572 2012 ratione
1595 1969 1668 2012 ac
1693 1949 1791 2011 via
1813 1951 1893 2010 M.
1920 1951 2066 2013 Cato
2084 1997 2099 2025 ,
2127 1950 2191 2010 P.
2216 1948 2372 2010 Arri-

309 2050 533 2108 canuS,
578 2033 647 2107 Q.
677 2035 989 2108 MetelluS,
1037 2036 1099 2095 C.
1128 2036 1406 2109 LaeliuS,
1450 2035 1554 2111 qui
1598 2053 1812 2096 omnes
1854 2037 2219 2113 eloquentes
2247 2035 2379 2094 sue-

307 2127 475 2189 runt,
510 2118 848 2179 orationem
882 2135 1055 2179 suam
1084 2127 1146 2179 et
1172 2119 1262 2178 rei
1294 2118 1577 2194 publicae
1605 2118 1957 2195 dignitatem
1981 2118 2381 2179 exornabant.

306 2201 373 2259 L.
415 2201 630 2275 Neque
660 2200 820 2261 enim
853 2210 949 2261 est
975 2200 1360 2262 interdictum
1388 2212 1494 2262 aut
1520 2219 1558 2262 a
1586 2220 1788 2263 rerum
1819 2212 2034 2264 natura
2057 2211 2160 2263 aut
2182 2218 2219 2261 a
2241 2202 2381 2275 lege

308 2282 516 2364 aliqua
556 2291 741 2359 atque
772 2300 974 2357 more,
1019 2292 1087 2345 ut
1114 2284 1372 2361 singulis
1403 2286 1753 2348 hominibus
1788 2304 1866 2347 ne
1894 2288 2157 2363 amplius
2194 2300 2381 2360 quarn

312 2364 586 2441 singulas
631 2375 794 2428 artes
828 2384 1018 2428 nosse
1048 2367 1245 2430 liceat.
1317 2367 1458 2431 216.
1507 2371 1705 2445 Quare
1739 2387 1896 2445 non,
1938 2369 2055 2431 etsi
2084 2371 2378 2443 eloquen-

308 2448 583 2511 tissimus
625 2449 883 2512 Athenis
927 2451 1192 2512 Pericles
1239 2451 1529 2528 idemque
1573 2453 1634 2514 in
1678 2471 1753 2515 ea
1795 2453 2036 2515 civitate
2080 2450 2379 2529 plurimos

308 2550 507 2594 annos
551 2533 843 2611 princeps
889 2534 1127 2595 consilii
1171 2536 1402 2612 publici
1440 2538 1576 2611 suit,
1619 2537 1848 2598 idcirco
1882 2536 2158 2598 eiusdem
2186 2533 2381 2596 homi-

310 2615 405 2676 nis
450 2625 637 2693 atque
679 2618 827 2679 artis
856 2627 1115 2694 utraque
1145 2621 1402 2682 facultas
1434 2620 1841 2682 existimanda
1870 2627 1999 2694 est,
2043 2637 2188 2692 nec,
2231 2617 2286 2677 si
2313 2617 2382 2677 P.

310 2700 572 2762 Crassus
610 2701 773 2764 idem
801 2701 913 2763 fuit
943 2706 1243 2777 eloquens
1274 2715 1336 2766 et
1369 2705 1517 2766 iuris
1548 2705 1811 2780 perituS,
1856 2705 1935 2765 ob
1965 2720 2099 2763 eam
2129 2718 2383 2763 causam

307 2782 470 2847 inest
510 2785 572 2845 in
610 2787 894 2848 facultate
926 2785 1171 2848 dicendi
1205 2787 1355 2849 iuris
1386 2787 1582 2848 civilis
1612 2787 1885 2849 scientia.
1955 2785 2097 2849 217.
2141 2786 2294 2846 Nam
2326 2784 2384 2846 si

312 2868 608 2946 quisque,
648 2879 715 2932 ut
756 2869 817 2929 in
862 2870 1070 2946 aliqua
1105 2879 1233 2932 arte
1261 2880 1325 2932 et
1353 2873 1636 2933 facultate
1674 2873 1986 2933 excellens
2016 2869 2196 2930 aliam
2227 2884 2382 2944 quo-

311 2968 432 3027 que
460 2961 650 3013 artem
681 2952 797 3014 sibi
826 2954 1269 3030 adsumpserit,
1307 2955 1362 3015 is
1392 2954 1698 3031 perficiet,
1731 2963 1828 3032 ut,
1865 2954 2034 3030 quod
2062 2961 2381 3028 praeterea

311 3034 494 3111 sciet,
535 3034 599 3095 id
628 3035 790 3110 eiuS,
822 3035 883 3095 in
921 3056 1043 3113 quo
1073 3040 1361 3111 excellet,
1393 3056 1539 3114 pars
1571 3040 1873 3115 quaedam
1910 3054 2053 3099 esse
2080 3036 2384 3111 videatur,

310 3119 452 3181 licet
491 3117 609 3180 ista
651 3119 888 3181 ratione
920 3121 1194 3183 dicamus
1224 3122 1350 3198 pila
1377 3124 1536 3184 bene
1565 3133 1627 3183 et
1656 3120 1983 3183 duodecim
2012 3119 2259 3196 scriptis
2288 3121 2383 3180 lu·

311 3205 457 3264 dere
500 3202 819 3279 proprium
863 3220 1005 3265 esse
1034 3203 1182 3266 iuris
1218 3204 1444 3276 civiIiS,
1491 3205 1780 3303 quoniam
1813 3215 2138 3281 utrumque
2168 3220 2384 3265 eorum

310 3286 369 3345 P.
396 3285 634 3348 Mucius
659 3288 888 3363 optime
912 3289 1152 3360 fecerit,
1186 3290 1530 3364 eademque
1553 3288 1789 3351 ratione
1812 3289 2094 3350 dicantur
2116 3297 2193 3361 et,
2219 3304 2382 3363 quos

310 3363 638 3448 φυσικοὺς
682 3371 899 3433 Graeci
941 3374 1283 3446 nominant,
1328 3372 1512 3433 iidem
1544 3377 1792 3449 poetae,
1840 3372 2132 3448 quoniam
2160 3373 2384 3447 Empe-

312 3453 525 3513 docles
569 3455 871 3532 physicus
914 3456 1226 3532 egregium
1257 3461 1480 3533 poema
1515 3456 1742 3518 fecerit
1813 3457 1896 3518 At
1922 3456 2042 3518 hoc
2077 3473 2156 3517 ne
2184 3453 2382 3533 philo-
