2622 3908
361 236 442 299 76
792 334 797 337 .
1136 240 1237 298 DE
1281 238 1640 300 ORATORF

358 391 520 453 omni
559 387 794 450 ratione
835 390 917 449 ad
955 397 1227 466 tempuS,
1271 391 1352 450 ad
1393 408 1643 452 causam
1672 393 1946 455 oratione
1973 394 2412 468 moderandus3

356 472 417 535 in
447 491 570 549 quo
605 490 794 549 saepe
822 474 1248 534 benevolentia
1277 474 1355 534 ad
1386 474 1625 550 odium,
1662 476 1869 537 odium
1896 486 2098 539 autem
2128 478 2209 538 ad
2235 478 2388 540 bene

359 555 685 619 volentiam
728 557 1152 618 deducendum
1195 565 1320 629 est3
1364 567 1469 619 aut
1495 568 1820 636 tamquam,
1833 560 2280 623 machinatione
2312 561 2415 622 ali-

361 660 479 718 qua
519 651 644 703 tum
679 642 759 701 ad
797 640 1182 702 severitatem
1209 648 1335 701 tum
1367 643 1444 702 ad
1471 642 1898 705 remissionem
1931 644 2142 718 animi,
2189 655 2312 707 tum
2340 648 2417 707 ad

362 724 656 790 tristitiam
675 733 797 785 tum
811 725 892 784 ad
904 723 1189 786 laetitiam
1204 732 1299 785 est
1314 729 1815 804 contorquendus
1830 751 1845 784 ε
1877 726 1975 791 73.
2003 727 2271 790 omnium
2284 746 2416 791 sen-

361 808 676 871 tentiarum
706 807 1031 884 gravitate,
1063 807 1330 870 omnium
1360 812 1689 872 verborum
1721 811 2097 887 ponderibus
2127 822 2223 879 est
2248 822 2415 875 uten-

360 896 535 965 dum3
579 894 835 954 accedat
875 901 1116 968 oportet
1155 892 1315 953 actio
1357 893 1559 966 varia,
1602 896 1967 970 vehemenS,
2009 899 2193 972 plena
2220 898 2413 971 animi,

357 980 540 1054 plena
581 976 860 1052 spirituS,
906 978 1088 1051 plena
1117 975 1383 1050 doloriS,
1424 980 1606 1053 plena
1635 979 1926 1041 veritatis.
1991 981 2058 1039 ln
2094 979 2192 1040 his
2224 982 2417 1056 operi-

354 1062 472 1123 bus
503 1060 557 1122 si
588 1060 725 1135 quis
753 1060 916 1120 illam
945 1070 1133 1121 artem
1164 1061 1723 1136 comprehenderit,
1752 1070 1820 1124 ut
1844 1073 2152 1138 tamquam
2173 1064 2418 1125 Phidias

350 1141 668 1200 Minervae
699 1138 942 1215 signum
981 1143 1233 1204 efficere
1259 1144 1491 1220 possit,
1533 1162 1657 1206 non
1689 1161 1872 1217 sane,
1904 1141 2424 1219 quemadmodum

347 1225 410 1285 in
454 1226 654 1300 clipeo
697 1224 861 1284 idem
901 1225 1152 1298 artifex,
1193 1234 1263 1289 ut
1304 1229 1544 1290 minora
1588 1230 1692 1290 illa
1734 1245 1926 1305 opera
1956 1231 2166 1290 facere
2206 1226 2419 1295 discat„

348 1309 723 1444 nabofflil.
769 1381 867 1447 74.
911 1383 1059 1443 Tum
1092 1385 1366 1446 Catulus=
1412 1383 1543 1457 QUO
1572 1382 1691 1443 ism
1719 1351 1951 1443 maiora
1979 1398 2053 1443 ³⁰
2081 1378 2409 1443 mirabilio-

346 1486 410 1528 ra
439 1468 666 1538 fecisti,
702 1483 778 1528 eo
809 1483 907 1526 me
935 1466 1130 1527 maior
1156 1467 1538 1542 exspectatio
1568 1474 1734 1527 tenet
1763 1464 2132 1542 quibusnam
2160 1462 2404 1525 rationi-

346 1553 460 1612 bus
490 1549 841 1626 quibusque
872 1549 1219 1624 praeceptis
1250 1567 1325 1611 ea
1352 1558 1521 1610 tanta
1548 1548 1645 1609 vis
1676 1559 2091 1624 comparetur3
2129 1565 2252 1610 non
2284 1565 2411 1622 quo

344 1651 481 1695 mea
521 1631 768 1708 quidem
809 1630 930 1693 iam
972 1631 1207 1694 intersit
1236 1671 1325 1681 —-
1363 1648 1567 1708 neque
1596 1633 1757 1693 enim
1784 1641 1955 1694 aetas
1985 1631 2050 1693 id
2077 1648 2216 1693 mea
2243 1631 2408 1692 desi-

347 1719 516 1779 derat
544 1726 605 1778 et
632 1715 798 1777 aliud
827 1733 1022 1792 genus
1056 1716 1364 1792 quoddam
1396 1714 1641 1777 dicendi
1669 1733 1792 1777 non
1817 1715 2011 1777 secuti
2040 1732 2269 1787 sumuS,
2304 1715 2409 1790 qui

344 1818 677 1877 numquam
721 1798 1054 1862 sententias
1086 1800 1164 1861 de
1192 1800 1473 1861 manibus
1503 1799 1771 1861 iudicum
1799 1797 1863 1860 vi
1895 1801 2159 1874 quadam
2186 1797 2409 1860 oratio-

344 1886 440 1947 nis
500 1882 870 1947 extorsimus
927 1900 1001 1944 ac
1056 1882 1260 1961 potius
1311 1883 1570 1961 placatis
1620 1901 1833 1945 eorum
1884 1882 2101 1944 animis
2161 1890 2415 1954 tantum,

347 1979 638 2048 quantum
666 1968 789 2045 ipsi
819 1968 1234 2045 patiebantur,
1275 1967 1629 2044 accepimus
1672 2005 1743 2013 —
1791 1969 1905 2029 sed
1931 1978 2133 2029 tamen
2161 1964 2280 2027 ista
2308 1974 2416 2026 tua

345 2057 573 2116 nullum
602 2054 680 2114 ad
709 2070 888 2114 usum
917 2070 1136 2126 meum,
1173 2062 1399 2114 tantum
1429 2051 1850 2127 cognoscendi
1876 2051 2078 2113 studio
2106 2051 2417 2112 adductus

344 2137 612 2214 requiro.
671 2135 770 2200 75.
815 2138 941 2197 Nec
975 2133 1121 2195 mihi
1163 2154 1323 2211 opus
1353 2144 1450 2198 est
1479 2137 1711 2197 Graeco
1742 2135 1948 2211 aliquo
1982 2136 2265 2208 doctore,
2309 2134 2419 2209 qui

347 2220 490 2283 mihi
529 2221 888 2295 pervulgata
929 2227 1266 2294 praecepta
1306 2221 1618 2290 decantet,
1674 2237 1860 2293 quum
1900 2218 2038 2295 ipse
2081 2234 2422 2292 numquam

346 2307 541 2367 torum
559 2350 574 2376 ,
605 2318 936 2376 numquam
962 2303 1151 2364 ullum
1179 2300 1471 2363 iudicium
1500 2301 1845 2378 aspexerit;
1876 2312 1943 2364 ut
1968 2299 2421 2378 Peripateticus

339 2391 445 2453 ille
501 2385 720 2447 dicitur
757 2384 1069 2459 Phormio,
1123 2403 1309 2460 quum
1349 2385 1647 2446 Hannibal
1694 2385 2065 2462 Karthagine
2113 2386 2423 2460 expulsus

349 2471 657 2546 Ephesum
686 2469 767 2529 ad
794 2468 1163 2530 Antiochum
1191 2468 1467 2531 venisset
1494 2472 1672 2531 exsul
1694 2488 1933 2547 proque
1954 2488 2049 2543 eo,
2085 2469 2251 2547 quod
2277 2466 2421 2529 eius

339 2557 565 2617 homen
599 2562 731 2615 erat
756 2569 976 2628 magna
1003 2555 1167 2628 apud
1198 2570 1413 2615 omnes
1443 2553 1665 2630 gloria,
1698 2552 1988 2616 invitatus
2012 2561 2181 2614 esset
2203 2553 2281 2613 ab
2306 2550 2422 2611 ho-

348 2636 609 2714 spitibus
640 2634 799 2710 suiS,
835 2645 900 2697 ut
928 2654 1096 2710 eum,
1128 2655 1309 2713 quem
1341 2635 1500 2710 dixi,
1548 2637 1601 2698 si
1628 2640 1843 2711 vellet,
1883 2637 2151 2708 audiret3
2198 2652 2423 2711 quum·

351 2739 469 2799 que
498 2720 552 2782 is
592 2737 662 2781 se
690 2738 814 2786 non
842 2722 1006 2782 nolle
1034 2719 1323 2783 dixisset:
1366 2723 1606 2782 locutus
1651 2737 1795 2782 esse
1836 2719 2055 2781 dicitur
2093 2720 2277 2781 homo
2314 2734 2426 2779 co-

348 2807 564 2883 piosus
602 2805 842 2882 aliquot
884 2808 1072 2869 horas
1128 2809 1208 2867 de
1257 2804 1651 2881 imperatoris
1707 2803 1912 2864 officio
1967 2809 2029 2862 et
2074 2801 2155 2861 de
2200 2804 2270 2859 r'e
2308 2799 2426 2860 mi-

350 2888 522 2951 litari.
580 2890 758 2960 Tum,
793 2905 980 2962 quum
1009 2886 1265 2958 caeteri,
1301 2886 1405 2962 qui
1434 2886 1600 2947 illum
1630 2886 1980 2962 audierant,
2020 2886 2431 2947 vehementer

346 2980 559 3035 essent
588 2970 898 3041 delectati,
933 2971 1308 3045 quaerebant
1338 2970 1412 3030 ab
1441 2969 1810 3043 Hannibale,
1845 2968 2137 3046 quidnam
2166 2968 2308 3044 ipse
2342 2968 2431 3028 de

347 3056 449 3117 illo
493 3053 864 3131 philosopho
906 3050 1220 3114 iudicaret.
1288 3052 1403 3114 Hic
1440 3055 1684 3115 Poenus
1726 3071 1852 3115 non
1895 3052 2121 3129 optime
2164 3053 2433 3126 Graece,
2541 3057 2548 3068 '

348 3141 460 3202 sed
488 3148 690 3201 tamen
719 3136 910 3197 libere
937 3134 1343 3211 respondisse
1371 3138 1588 3213 fertur,
1620 3139 1846 3199 multos
1877 3154 1948 3198 se
1973 3134 2202 3197 deliros
2229 3151 2431 3195 senes

349 3239 538 3299 saepe
576 3219 841 3291 vidisse,
889 3220 1000 3280 sed
1038 3218 1142 3296 qui
1171 3220 1397 3296 magiS,
1443 3238 1627 3296 quam
1653 3218 1934 3282 Phormio
1967 3218 2281 3292 deliraret,
2333 3216 2432 3278 vi·-

348 3307 518 3368 disse
542 3302 863 3366 neminem.
921 3304 1134 3377 Neque
1156 3304 1504 3365 mehercule
1526 3303 1763 3365 iniuria.
1817 3302 1918 3366 76.
1950 3303 2107 3378 Quid
2129 3301 2293 3364 enim
2317 3310 2438 3363 aut

348 3386 743 3461 adrogantius
789 3395 895 3448 aut
932 3386 1256 3461 loquacius
1297 3387 1432 3448 fieri
1474 3387 1671 3463 potuit
1700 3405 1880 3461 quam
1909 3385 2266 3458 Hannibali,
2316 3382 2440 3459 qui

348 3479 437 3530 tot
477 3470 652 3529 annis
695 3470 774 3529 de
815 3468 1070 3541 imperio
1113 3487 1251 3531 curn
1280 3473 1510 3545 populo
1540 3471 1817 3531 Romano
1850 3469 2116 3532 omnium
2148 3467 2439 3540 gentium
