2622 3908
666 255 933 313 LIB.111.
981 254 1147 313 ΟΛΡ.
1174 262 1441 316 38—41.
1485 262 1737 321 §.155-
1788 266 1905 319 164.
2203 257 2323 324 181

258 423 370 468 nes
409 404 610 466 aliena
639 406 828 466 multo
859 407 1087 479 magiS,
1118 406 1171 466 si
1208 412 1352 466 sunt
1378 405 1616 467 ratione
1647 411 1969 483 translata,
2000 410 2323 471 delectant.

259 491 397 553 160.
441 488 511 548 Id
538 489 823 549 accidere
847 490 1035 549 credo
1051 534 1065 560 ,
1100 491 1195 549 vel
1222 490 1391 563 quod
1412 488 1639 565 ingenii
1663 489 1980 567 specimen
2007 503 2104 554 εει
2127 494 2320 568 quod-

255 577 395 634 dam
435 570 742 633 transilire
786 581 926 632 ante
970 573 1415 648 pedesposita
1458 582 1518 634 et
1554 574 1675 634 alia
1716 575 1901 650 longe
1927 576 2190 651 repetita
2219 594 2318 637 su·

256 674 456 726 mere;
491 657 589 716 vel
621 657 789 731 quod
818 655 901 728 is,
938 656 1042 730 qui
1072 655 1269 730 audit,
1301 655 1421 716 alio
1452 657 1695 718 ducitur
1722 657 2091 733 cogitatione
2121 677 2323 735 neque

255 752 456 802 tamen
487 741 757 813 aberrat,
796 755 955 814 quae
986 739 1249 799 maxima
1278 749 1374 800 est
1403 740 1757 812 delectatio;
1792 745 1886 801 vel
1918 744 2087 817 quod
2117 743 2322 818 singu-

255 823 330 884 lis
376 822 585 884 verbis
628 839 729 883 res
771 838 845 883 ac
888 830 1076 882 totum
1118 822 1315 883 simile
1361 822 1710 895 conficitur3
1765 827 1861 885 vel
1909 827 2078 900 quod
2121 826 2320 887 omnis

256 908 569 968 translatio
588 952 604 979 ,
635 923 795 982 quae
828 907 1073 982 quidem
1111 916 1356 981 sumpta
1381 907 1616 967 ratione
1640 917 1763 981 est,
1795 909 1875 967 ad
1899 926 2124 970 sensus
2146 908 2320 984 ipsos

255 993 643 1061 admovetur,
701 990 964 1050 maxime
1006 992 1355 1062 oculorum,
1408 990 1514 1065 qui
1564 1002 1661 1052 est
1701 1009 1930 1053 sensus
1965 992 2320 1054 acerrimus.

258 1075 395 1136 161.
437 1075 587 1132 Nam
630 1081 692 1133 et
730 1075 925 1134 odor
965 1073 1324 1134 urbanitatis
1368 1084 1428 1134 et
1469 1075 1879 1147 mo¹litudo
1927 1076 2317 1137 humanitatis

253 1170 311 1219 ει
341 1173 671 1219 murmur
690 1158 873 1217 maris
906 1167 967 1216 et
994 1161 1396 1218 dulcitudo
1442 1161 1738 1220 orationis
1762 1175 1908 1220 sunt
1925 1164 2109 1222 ducta
2129 1176 2315 1219 acae-

253 1242 397 1303 teris
431 1240 750 1310 sensibus;
795 1240 898 1299 illa
939 1256 1088 1300 vero
1132 1243 1447 1301 oculorum
1482 1243 1669 1302 multo
1701 1241 1967 1314 acriora,
2018 1261 2179 1316 quae
2209 1260 2317 1318 po-

253 1334 405 1386 nunt
435 1341 634 1400 paene
669 1323 728 1384 in
760 1335 1097 1399 conspectu
1127 1323 1340 1395 animi,
1388 1341 1547 1399 quae
1578 1341 1829 1385 cernere
1864 1336 1926 1386 et
1956 1328 2163 1386 videre
2192 1343 2312 1386 non

251 1425 608 1486 possumus.
677 1407 835 1467 Nihil
881 1417 976 1469 εει
1018 1407 1179 1467 enim
1224 1407 1284 1466 in
1314 1425 1516 1468 rerum
1551 1419 1792 1481 natura,
1839 1409 2016 1471 cuius
2048 1428 2161 1471 nos
2195 1427 2316 1470 non

250 1493 310 1555 in
340 1492 477 1553 aliis
506 1491 692 1552 rebus
724 1490 1038 1566 possimus
1068 1491 1155 1552 uti
1195 1493 1495 1553 vocabulo
1527 1500 1586 1553 et
1616 1492 1878 1554 nomine.
1951 1495 2126 1555 Unde
2156 1494 2317 1556 enim

250 1576 450 1637 simile
481 1574 622 1636 duci
654 1583 857 1651 potest
886 1609 970 1619 ——
1000 1584 1207 1650 potest
1239 1586 1441 1637 autem
1471 1594 1549 1637 ex
1580 1579 1863 1638 omnibus
1891 1612 2003 1651 —,
2046 1577 2312 1639 indidem

250 1662 505 1720 verbum
548 1676 763 1729 unum,
813 1659 981 1732 quod
1021 1658 1472 1720 similitudinem
1504 1660 1798 1733 continet,
1841 1664 2197 1723 translatum
2231 1665 2314 1722 lu—

248 1761 386 1805 men
415 1743 658 1803 adferre
681 1742 957 1802 orationi.
1006 1741 1145 1803 162.
1193 1743 1324 1816 Quo
1349 1743 1406 1801 in
1431 1760 1657 1817 genere
1680 1743 1940 1817 primum
1964 1754 2060 1805 est
2082 1745 2316 1820 fugien-

249 1830 328 1891 da
372 1825 833 1887 dissimilitudo:
892 1826 1098 1886 Caeli
1155 1825 1518 1900 ingentes
1571 1826 1941 1886 fornices.
2028 1826 2314 1902 Quamvis

249 1912 578 1989 sphaeram
606 1909 667 1970 in
699 1927 1017 1984 scaenam,
1047 1918 1114 1971 ut
1150 1908 1402 1984 dicitur,
1430 1908 1694 1971 attulerit
1716 1910 1979 1982 Ennius,
2017 1919 2214 1972 tamen
2253 1909 2311 1971 in

248 1998 517 2072 sphaera
548 1994 798 2055 fornicis
836 1993 1165 2055 similitudo
1207 2012 1327 2054 non
1362 2002 1564 2069 potest
1591 1993 1816 2055 inesse.

880 2147 1048 2217 Vive,
1088 2145 1318 2217 UlixeS,
1361 2146 1501 2203 dum
1527 2147 1692 2204 licet:

420 2233 616 2293 Oculis
634 2238 993 2306 postremum
1021 2232 1215 2288 lumen
1243 2229 1547 2288 radiatum
1575 2245 1728 2303 rape
1740 2227 1764 2287 !

247 2348 371 2391 non
418 2330 571 2391 dixit
614 2347 836 2406 cape,
889 2345 1007 2388 non
1054 2338 1231 2402 pete
1276 2358 1361 2369 -—
1401 2327 1654 2388 haberet
1695 2325 1857 2387 enim
1899 2342 2130 2386 moram
2175 2343 2312 2402 spe·

246 2413 440 2474 rantis
471 2414 699 2475 diutius
729 2428 874 2474 esse
905 2411 1204 2471 victurum
1232 2445 1348 2482 —-,
1382 2411 1496 2470 sed
1522 2427 1728 2486 rape.
1786 2412 1919 2470 Hoc
1945 2410 2197 2471 verbum
2221 2421 2314 2472 est

244 2498 326 2558 ad
356 2497 418 2557 id
451 2507 751 2573 aptatum,
801 2496 969 2572 quod
997 2505 1137 2555 ante
1167 2494 1432 2566 dixerat,
1471 2495 1637 2553 dum
1680 2496 1890 2554 licet.
1976 2496 2124 2555 XLl.
2174 2494 2313 2556 163.

251 2582 487 2642 Deinde
531 2580 860 2641 videndum
904 2590 1000 2640 est
1029 2595 1106 2638 nc
1133 2579 1316 2652 longe
1348 2575 1543 2636 simile
1574 2577 1652 2637 sit
1682 2579 1948 2637 ductum.
2024 2579 2315 2655 Syrtim

244 2663 738 2741 patrimonii,
771 2681 958 2739 scop
979 2665 1179 2723 ulum
1213 2659 1500 2721 libentius
1535 2659 1821 2730 dixerim,
1853 2660 2316 2738 Charybdim

245 2750 654 2822 bonorum,
684 2747 1136 2823 voraginem
1167 2743 1393 2818 potius.
1442 2742 1707 2803 Facilius
1740 2742 1901 2803 enim
1923 2743 2005 2802 ad
2028 2761 2120 2816 ea,
2155 2763 2314 2819 quae

250 2832 411 2906 visa,
445 2849 629 2907 quam
657 2831 737 2892 ad
765 2830 894 2905 illa,
928 2846 1087 2905 quae
1116 2827 1325 2889 audita
1356 2837 1524 2900 sunt,
1570 2826 1790 2888 mentis
1826 2826 1988 2889 oculi
2022 2828 2311 2889 feruntur.

243 2917 319 2984 Et
365 2915 654 2991 quoniam
690 2915 844 2974 haec
889 2915 985 2974 vel
1032 2928 1268 2972 summa
1304 2914 1438 2972 laus
1474 2923 1569 2972 cst
1611 2910 1671 2971 in
1710 2909 1914 2973 verbis
1945 2913 2315 2974 transferen-

246 2998 378 3071 dis,
423 3009 489 3060 ut
528 3016 778 3060 sensum
812 2997 985 3059 feriat
1013 2995 1106 3066 id,
1153 2996 1322 3071 quod
1357 2998 1715 3057 translatum
1748 2995 1854 3057 sit.
1898 2995 2316 3071 fugiendaest

245 3081 446 3145 omnis
491 3083 802 3158 turpitudo
849 3097 1055 3142 earum
1087 3095 1318 3152 reruni,
1362 3080 1441 3138 ad
1473 3097 1628 3156 quas
1659 3097 1873 3141 eorum
1900 3078 2173 3154 animos,
2212 3082 2315 3154 qui

243 3166 525 3239 audient,
571 3166 769 3227 trahet
814 3163 1163 3226 similitudo.
1256 3161 1397 3225 164.
1441 3165 1595 3225 Nolo
1642 3162 1762 3223 dici
1804 3173 1997 3223 morte
2042 3161 2312 3224 Africani

244 3259 672 3311 castratam
716 3266 860 3310 esse
908 3265 1037 3308 rem
1080 3246 1419 3320 publicam3
1480 3249 1621 3307 nolo
1679 3257 1989 3306 stercus
2047 3245 2315 3308 curiae

243 3333 369 3395 dici
401 3333 741 3395 Glauciam:
788 3329 1068 3407 quamvis
1096 3328 1176 3389 sit
1204 3329 1430 3403 simile,
1468 3341 1664 3391 tamen
1696 3340 1792 3391 est
1819 3329 1877 3389 iu
1914 3339 2178 3405 utroque
2208 3332 2311 3392 de·

243 3415 460 3478 formis
504 3415 790 3493 cogitatio
838 3412 1268 3477 similitudinis.
1352 3414 1504 3474 Nolo
1549 3431 1693 3474 esse
1722 3423 1827 3476 aut
1855 3411 2080 3487 maiuS,
2131 3432 2314 3489 quam

245 3518 350 3562 res
397 3503 696 3577 postulata
738 3501 1204 3575 Tempestas
1248 3495 1891 3566 comissationis;
1938 3497 2312 3562 autminus:
