2622 3908
296 250 419 314 11⁰
1075 251 1179 310 DE
1223 249 1429 311 ORAT
1433 251 1584 314 ORE

297 412 508 463 natura
553 419 716 463 enim
760 402 933 478 fingit
961 404 1241 465 homines
1272 416 1335 466 et
1362 414 1528 466 creat
1557 404 1889 466 imitatores
1917 413 1978 465 et
2005 415 2354 466 narratores

294 488 529 547 facetos
583 487 912 549 adiuvante
954 498 1015 549 et
1057 491 1224 550 voltu
1267 499 1328 549 et
1373 505 1526 549 voce
1569 498 1630 550 et
1671 486 1809 565 ipso
1853 506 2080 564 genere
2123 504 2349 549 sermo-

294 568 389 630 nis
425 606 498 614 -—
516 616 531 643 ,
566 578 689 630 tum
720 587 868 631 vero
899 569 961 630 in
986 572 1106 632 hoc
1128 574 1317 633 altero
1343 571 1682 634 dicacitatis
1708 571 1856 648 quid
1878 572 2062 632 habet
2081 589 2184 632 ars
2210 574 2346 647 loci,

295 672 482 729 quum
508 662 646 714 ante
668 652 820 714 illud
843 656 1038 715 facete
1063 654 1288 716 dictum
1313 654 1605 716 emissum
1627 656 1881 716 haerere
1906 657 2144 727 debeat,
2169 673 2353 731 quam

294 736 545 812 cogitari
576 737 857 812 potuisse
885 738 1205 799 videatur?
1258 737 1402 800 220.
1446 739 1603 813 Quid
1646 739 1806 799 enim
1835 738 1933 800 hic
1963 755 2139 800 meus
2170 741 2355 800 frater

292 822 368 880 ab
398 832 528 881 arte
556 820 833 882 adiuvari
862 822 1087 898 potuit,
1134 840 1321 898 quum
1369 839 1407 882 a
1444 822 1722 898 Philippo
1752 822 2161 898 interrogatus
2204 821 2354 897 quid

296 913 539 965 latraret
580 906 822 965 furem
867 923 950 966 se
988 905 1259 966 videre
1300 906 1665 983 respondit?
1742 907 1898 980 Quid
1936 905 1999 967 in
2030 906 2193 966 omni
2218 924 2351 966 ora·

293 986 457 1048 tione
501 988 764 1051 Crassus
807 991 929 1049 ves
946 991 1115 1064 apud
1150 989 1565 1051 centumviros
1608 1000 1821 1050 contra
1866 991 2225 1051 Scaevolam
2255 991 2354 1049 vel

293 1081 504 1132 contra
534 1081 956 1134 accusatorem
985 1074 1235 1135 Brutum
1254 1120 1267 1145 ,
1304 1092 1493 1148 quum
1522 1090 1637 1150 pro
1656 1076 1776 1133 Cn.
1806 1073 2051 1134 Plancio
2083 1072 2355 1134 diceret?

289 1154 441 1215 Nam
481 1154 574 1229 id,
618 1158 787 1232 quod
830 1167 894 1219 tu
934 1156 1079 1217 mihi
1110 1158 1353 1230 tribuis,
1398 1156 1655 1231 Antoni,
1701 1156 1922 1218 Crasso
1954 1168 2051 1218 est
2084 1157 2353 1217 omnium

293 1238 594 1300 sententia
635 1241 1120 1302 concedendum.
1177 1243 1310 1302 Non
1355 1240 1516 1302 enim
1557 1243 1685 1302 fere
1730 1240 2056 1316 quisquam
2083 1239 2353 1316 reperie—

291 1330 386 1383 tur
426 1334 669 1397 praeter
709 1324 872 1384 hunc
902 1326 962 1384 iu
994 1336 1255 1401 utroque
1284 1342 1510 1401 genere
1540 1325 1769 1400 leporis
1799 1326 2108 1385 excellens
2139 1333 2200 1385 et
2227 1323 2353 1396 illo,

294 1408 459 1481 quod
505 1406 564 1465 in
607 1407 1013 1482 perpetuitate
1051 1409 1391 1482 sermoniS,
1434 1419 1494 1469 et
1533 1410 1683 1482 hoc,
1734 1409 1902 1484 quod
1943 1408 2002 1468 in
2045 1407 2353 1468 celeritate

291 1500 476 1565 atque
506 1489 669 1550 dicto
702 1502 815 1552 est.
872 1491 1015 1556 221.
1061 1495 1208 1552 Nam
1240 1494 1392 1553 haec
1423 1501 1720 1567 perpetua
1751 1502 1963 1553 contra
1994 1492 2355 1551 Scaevolam

291 1573 551 1634 Curiana
590 1574 871 1636 defensio
912 1586 1041 1638 tota
1072 1576 1442 1636 redundavit
1469 1574 1768 1637 hilaritate
1800 1576 2062 1651 quadam
2093 1585 2153 1634 et
2180 1574 2354 1645 ioc0;

290 1657 453 1718 dicta
481 1656 583 1717 illa
610 1658 824 1719 brevia
851 1676 974 1719 non
1005 1659 1233 1720 habuit.
1288 1660 1585 1737 Parcebat
1612 1658 1773 1720 enim
1797 1658 2135 1719 adversarii
2160 1657 2355 1732 digni·

292 1740 423 1811 tati;
467 1740 528 1802 in
560 1759 683 1815 quo
714 1742 852 1818 ipse
882 1745 1289 1804 conservabat
1314 1761 1520 1814 ‘suam3
1568 1744 1736 1819 quod
1765 1751 1862 1803 est
1889 1740 2236 1803 hominibus
2269 1743 2356 1801 fa-

290 1825 441 1889 cetis
486 1835 547 1887 et
589 1824 907 1888 dicacibus
951 1827 1403 1901 difficillimum,
1445 1827 1673 1888 habere
1716 1825 2028 1887 hominum
2057 1823 2354 1886 rationem

289 1921 350 1977 et
395 1923 735 1986 temporum
779 1921 839 1974 et
880 1930 982 1986 ea,
1031 1928 1191 1989 quae
1217 1918 1591 1985 occurrunt,
1638 1928 1822 1986 quum
1861 1908 2201 1971 salsissime
2231 1907 2355 1969 dici

289 2005 586 2081 possunt,
619 2006 843 2057 tenere.
902 2000 1117 2073 Itaque
1146 1994 1422 2056 nonnulli
1442 1994 1681 2056 ridiculi
1704 1995 1983 2055 homines
2007 1994 2126 2054 hoc
2148 1996 2353 2069 ipsum
2438 2007 2443 2010 ·

290 2095 411 2138 non
442 2077 676 2140 insulse
706 2078 1194 2156 interpretantur.
1252 2079 1396 2141 222.
1440 2076 1849 2139 Dicere-enim
1883 2078 2052 2151 aiunt
2070 2076 2352 2149 Ennium,

290 2163 659 2222 flammam
702 2182 739 2222 a
781 2163 1144 2239 sapiente
1190 2163 1515 2224 facilius
1560 2180 1691 2222 ore
1733 2161 1808 2221 in
1850 2162 2173 2223 ardente
2216 2178 2354 2236 op-

289 2244 544 2320 primi,
607 2264 827 2319 quam
879 2246 1079 2306 bona
1122 2245 1331 2308 dicta
1372 2255 1666 2307 teneat=
1723 2247 1876 2305 haec
1915 2245 2148 2306 scilicet
2189 2245 2356 2305 bona

288 2330 477 2401 dicta,
522 2339 681 2403 quae
723 2331 890 2389 salsa
919 2328 1070 2399 sint3
1119 2347 1258 2390 nam
1302 2346 1379 2390 ea
1422 2327 1631 2389 dicta
1674 2331 2056 2405 appellantur
2099 2327 2355 2404 proprio

287 2411 407 2472 iam
436 2410 698 2472 nomine.
784 2413 909 2471 LV.
972 2413 1096 2473 Sed
1138 2424 1205 2473 ut
1237 2411 1299 2473 in
1333 2413 1634 2473 Scaevola
1664 2411 1959 2473 continuit
1985 2430 2060 2472 ea
2090 2412 2356 2473 Crassus

286 2505 472 2570 atque
515 2495 575 2553 in
617 2494 721 2557 illo
767 2496 958 2557 altero
1001 2514 1259 2572 genere,
1300 2495 1365 2557 in
1395 2514 1520 2572 quo
1552 2496 1699 2557 nulli
1728 2495 1926 2556 aculei
1957 2494 2354 2557 contumelia·

285 2597 418 2639 rum
462 2578 727 2653 inerant,
785 2596 1038 2641 causam
1079 2581 1243 2641 illam
1280 2579 1882 2656 disputationemque
1926 2578 2094 2650 lusit,
2153 2578 2244 2639 sic
2289 2579 2354 2638 in

284 2664 502 2733 Bruto,
552 2680 732 2737 quem
777 2666 991 2732 oderat
1031 2672 1093 2726 et
1136 2683 1320 2740 quem
1350 2664 1599 2739 dignum
1630 2662 1997 2724 contumelia
2025 2661 2353 2733 iudicabat,

285 2756 547 2821 utroque
570 2763 796 2821 genere
822 2748 1132 2823 pugnavit.
1189 2748 1335 2809 223.
1377 2748 1569 2821 Quam
1592 2750 1780 2808 multa
1803 2750 1881 2806 de
1906 2745 2157 2818 balneiS,
2191 2762 2354 2820 quas

287 2848 482 2905 nuper
508 2828 610 2890 ille
642 2830 1029 2904 vendiderat,
1064 2849 1248 2908 quam
1278 2834 1466 2892 multa
1494 2833 1572 2890 de
1603 2830 1832 2891 amisso
1869 2828 2234 2905 patrimonio
2259 2827 2354 2888 di-

284 2912 402 2974 xit!
449 2922 635 2988 atque
678 2914 780 2974 illa
821 2915 1059 2975 brevia=
1107 2932 1293 2991 quum
1343 2914 1445 2974 ille
1495 2910 1725 2975 di‘ceret
1770 2931 1852 2974 se
1897 2912 2070 2974 sine
2113 2929 2355 2973 causa

286 2997 608 3069 sudare,
655 2995 960 3058 Minime
1003 2998 1298 3071 mirum,
1342 2995 1558 3073 inquit,
1604 2998 1824 3058 modo
1861 2996 2058 3056 enim
2104 2993 2354 3056 existi

283 3082 374 3141 de
417 3079 748 3141 balneis.
806 3082 1276 3143 Innumerabilia
1311 3081 1492 3143 huius
1553 3080 1719 3141 modi
1764 3081 2042 3151 fuerunt,
2083 3081 2198 3140 sed
2227 3095 2356 3139 non

285 3165 491 3225 minus*
515 3161 783 3224 iucunda
810 3162 912 3224 illa
942 3175 1257 3240 perpetua.
1317 3166 1512 3239 Quum
1541 3164 1702 3224 enim
1723 3165 1947 3224 Brutus
1979 3165 2140 3223 duos
2161 3164 2357 3223 lecto-

282 3266 385 3308 res
428 3246 763 3309 excitasset
806 3258 866 3309 et
894 3249 1064 3308 alteri
1097 3249 1175 3308 de
1205 3248 1448 3308 colonia
1474 3245 1857 3307 Narbonensi
1887 3244 2094 3307 Crassi
2125 3244 2359 3306 oratio-

283 3348 422 3391 nem
451 3329 774 3405 legendam
806 3332 1099 3399 dedisset,
1124 3332 1299 3391 alteri
1332 3332 1410 3392 de
1437 3334 1574 3405 lege
1600 3328 1875 3401 Servilia,
1908 3342 1970 3391 et
1989 3346 2179 3404 quum
2194 3329 2357 3388 ‘con-

284 3414 463 3472 traria
493 3412 649 3474 inter
677 3431 819 3474 sese
850 3416 927 3475 de
956 3431 1023 3473 re
1054 3415 1297 3489 publica
1327 3413 1530 3489 capita
1558 3412 1951 3486 contulisset,
1994 3423 2207 3473 noster
2250 3409 2360 3472 hie

286 3494 657 3555 facetissime
711 3508 836 3556 tres
890 3496 1081 3570 patris
1136 3497 1305 3557 Bruti
1362 3499 1439 3556 de
1489 3498 1618 3556 iure
1661 3494 1825 3556 civili
1867 3495 2109 3556 libellos
2154 3493 2363 3560 tribus
