<?xml version="1.0" encoding="UTF-8"?>
<!DOCTYPE html PUBLIC "-//W3C//DTD XHTML 1.0 Transitional//EN"
    "http://www.w3.org/TR/xhtml1/DTD/xhtml1-transitional.dtd">
<html xmlns="http://www.w3.org/1999/xhtml" xml:lang="en" lang="en">
 <head>
  <title>
</title>
<meta http-equiv="Content-Type" content="text/html;charset=utf-8" />
  <meta name='ocr-system' content='tesseract 3.04.00' />
  <meta name='ocr-capabilities' content='ocr_page ocr_carea ocr_par ocr_line ocrx_word'/>
</head>
<body>
  <div class='ocr_page' id='page_1' title='image "./deoratorelibrit01cicegoog_0154.png"; bbox 0 0 2622 3908; ppageno 0'>
   <div class='ocr_carea' id='block_1_1' title="bbox 293 229 1583 294">
    <p class='ocr_par' dir='ltr' id='par_1_1' title="bbox 293 229 1583 294">
     <span class='ocr_line' id='line_1_1' title="bbox 293 229 1583 294; baseline 0 -2"><span class='ocrx_word' id='word_1_1' title='bbox 293 229 418 292; x_wconf 86' lang='lat'>150</span> <span class='ocrx_word' id='word_1_2' title='bbox 1075 232 1176 291; x_wconf 90' lang='lat' dir='ltr'>DE</span> <span class='ocrx_word' id='word_1_3' title='bbox 1218 232 1583 294; x_wconf 87' lang='lat' dir='ltr'><strong>ORATORE</strong></span> 
     </span>
    </p>
   </div>
   <div class='ocr_carea' id='block_1_2' title="bbox 284 380 2369 2557">
    <p class='ocr_par' dir='ltr' id='par_1_2' title="bbox 284 380 2369 1883">
     <span class='ocr_line' id='line_1_2' title="bbox 292 380 2365 462; baseline 0.003 -19"><span class='ocrx_word' id='word_1_4' title='bbox 292 383 426 443; x_wconf 84' lang='lat' dir='ltr'>sive</span> <span class='ocrx_word' id='word_1_5' title='bbox 457 382 537 441; x_wconf 91' lang='lat' dir='ltr'>de</span> <span class='ocrx_word' id='word_1_6' title='bbox 563 381 828 441; x_wconf 84' lang='lat' dir='ltr'>humana</span> <span class='ocrx_word' id='word_1_7' title='bbox 859 380 993 442; x_wconf 90' lang='lat' dir='ltr'>sive</span> <span class='ocrx_word' id='word_1_8' title='bbox 1023 400 1104 443; x_wconf 92' lang='lat' dir='ltr'>ex</span> <span class='ocrx_word' id='word_1_9' title='bbox 1135 382 1421 445; x_wconf 83' lang='lat' dir='ltr'>inferiore</span> <span class='ocrx_word' id='word_1_10' title='bbox 1456 385 1596 446; x_wconf 92' lang='lat' dir='ltr'>loco</span> <span class='ocrx_word' id='word_1_11' title='bbox 1627 384 1760 446; x_wconf 93' lang='lat' dir='ltr'>sivc</span> <span class='ocrx_word' id='word_1_12' title='bbox 1790 403 1869 446; x_wconf 84' lang='lat' dir='ltr'>ex</span> <span class='ocrx_word' id='word_1_13' title='bbox 1897 403 2100 462; x_wconf 86' lang='lat' dir='ltr'>aequo</span> <span class='ocrx_word' id='word_1_14' title='bbox 2129 389 2266 449; x_wconf 89' lang='lat' dir='ltr'>sive</span> <span class='ocrx_word' id='word_1_15' title='bbox 2285 406 2365 451; x_wconf 87' lang='lat' dir='ltr'>ex</span> 
     </span>
     <span class='ocr_line' id='line_1_3' title="bbox 292 463 2367 542; baseline 0.003 -15"><span class='ocrx_word' id='word_1_16' title='bbox 292 463 615 540; x_wconf 83' lang='lat' dir='ltr'><strong>superiore</strong></span> <span class='ocrx_word' id='word_1_17' title='bbox 647 464 779 526; x_wconf 90' lang='lat' dir='ltr'>sive</span> <span class='ocrx_word' id='word_1_18' title='bbox 807 475 873 526; x_wconf 91' lang='lat' dir='ltr'>ut</span> <span class='ocrx_word' id='word_1_19' title='bbox 902 467 1170 542; x_wconf 89' lang='lat' dir='ltr'>impellat</span> <span class='ocrx_word' id='word_1_20' title='bbox 1198 467 1478 528; x_wconf 86' lang='lat' dir='ltr'>homines</span> <span class='ocrx_word' id='word_1_21' title='bbox 1511 467 1643 529; x_wconf 90' lang='lat' dir='ltr'>sive</span> <span class='ocrx_word' id='word_1_22' title='bbox 1673 477 1741 530; x_wconf 93' lang='lat' dir='ltr'>ut</span> <span class='ocrx_word' id='word_1_23' title='bbox 1769 470 1990 531; x_wconf 89' lang='lat' dir='ltr'>doceat</span> <span class='ocrx_word' id='word_1_24' title='bbox 2013 469 2146 531; x_wconf 86' lang='lat' dir='ltr'>sive</span> <span class='ocrx_word' id='word_1_25' title='bbox 2168 481 2236 533; x_wconf 90' lang='lat' dir='ltr'>ut</span> <span class='ocrx_word' id='word_1_26' title='bbox 2259 474 2367 534; x_wconf 90' lang='lat' dir='ltr'>de·</span> 
     </span>
     <span class='ocr_line' id='line_1_4' title="bbox 289 547 2369 618; baseline 0.002 -6"><span class='ocrx_word' id='word_1_27' title='bbox 289 556 514 612; x_wconf 87' lang='lat' dir='ltr'>terreat</span> <span class='ocrx_word' id='word_1_28' title='bbox 539 547 673 609; x_wconf 85' lang='lat' dir='ltr'>sive</span> <span class='ocrx_word' id='word_1_29' title='bbox 700 558 765 610; x_wconf 95' lang='lat' dir='ltr'>ut</span> <span class='ocrx_word' id='word_1_30' title='bbox 795 551 1059 610; x_wconf 90' lang='lat' dir='ltr'>concitet</span> <span class='ocrx_word' id='word_1_31' title='bbox 1089 551 1221 611; x_wconf 88' lang='lat' dir='ltr'>sive</span> <span class='ocrx_word' id='word_1_32' title='bbox 1250 561 1317 612; x_wconf 92' lang='lat' dir='ltr'>ut</span> <span class='ocrx_word' id='word_1_33' title='bbox 1351 550 1629 612; x_wconf 81' lang='lat' dir='ltr'><strong>reflectat</strong></span> <span class='ocrx_word' id='word_1_34' title='bbox 1659 552 1793 613; x_wconf 84' lang='lat' dir='ltr'>sive</span> <span class='ocrx_word' id='word_1_35' title='bbox 1823 561 1888 614; x_wconf 93' lang='lat' dir='ltr'>ut</span> <span class='ocrx_word' id='word_1_36' title='bbox 1913 553 2204 616; x_wconf 86' lang='lat' dir='ltr'>incendat</span> <span class='ocrx_word' id='word_1_37' title='bbox 2232 555 2369 618; x_wconf 89' lang='lat' dir='ltr'>sive</span> 
     </span>
     <span class='ocr_line' id='line_1_5' title="bbox 289 631 2364 708; baseline 0.003 -13"><span class='ocrx_word' id='word_1_38' title='bbox 289 642 354 695; x_wconf 92' lang='lat' dir='ltr'>ut</span> <span class='ocrx_word' id='word_1_39' title='bbox 392 631 579 693; x_wconf 82' lang='lat' dir='ltr'>leniat</span> <span class='ocrx_word' id='word_1_40' title='bbox 621 632 754 694; x_wconf 91' lang='lat' dir='ltr'>sive</span> <span class='ocrx_word' id='word_1_41' title='bbox 793 634 872 692; x_wconf 92' lang='lat' dir='ltr'>ad</span> <span class='ocrx_word' id='word_1_42' title='bbox 915 650 1152 708; x_wconf 86' lang='lat' dir='ltr'>paucos</span> <span class='ocrx_word' id='word_1_43' title='bbox 1201 634 1334 696; x_wconf 91' lang='lat' dir='ltr'>sive</span> <span class='ocrx_word' id='word_1_44' title='bbox 1376 636 1455 694; x_wconf 90' lang='lat' dir='ltr'>ad</span> <span class='ocrx_word' id='word_1_45' title='bbox 1500 636 1723 697; x_wconf 89' lang='lat' dir='ltr'>multos</span> <span class='ocrx_word' id='word_1_46' title='bbox 1767 636 1902 697; x_wconf 90' lang='lat' dir='ltr'>sive</span> <span class='ocrx_word' id='word_1_47' title='bbox 1943 638 2099 699; x_wconf 92' lang='lat' dir='ltr'>inter</span> <span class='ocrx_word' id='word_1_48' title='bbox 2127 637 2364 701; x_wconf 87' lang='lat' dir='ltr'>alienos</span> 
     </span>
     <span class='ocr_line' id='line_1_6' title="bbox 289 716 2369 793; baseline 0.003 -15"><span class='ocrx_word' id='word_1_49' title='bbox 289 716 423 778; x_wconf 89' lang='lat' dir='ltr'>sive</span> <span class='ocrx_word' id='word_1_50' title='bbox 456 732 595 776; x_wconf 90' lang='lat' dir='ltr'>cum</span> <span class='ocrx_word' id='word_1_51' title='bbox 627 717 757 777; x_wconf 93' lang='lat' dir='ltr'>suis</span> <span class='ocrx_word' id='word_1_52' title='bbox 786 716 917 776; x_wconf 88' lang='lat' dir='ltr'>sive</span> <span class='ocrx_word' id='word_1_53' title='bbox 955 735 1196 792; x_wconf 88' lang='lat' dir='ltr'>secum,</span> <span class='ocrx_word' id='word_1_54' title='bbox 1236 718 1386 778; x_wconf 90' lang='lat' dir='ltr'>rivis</span> <span class='ocrx_word' id='word_1_55' title='bbox 1418 728 1514 780; x_wconf 91' lang='lat' dir='ltr'>est</span> <span class='ocrx_word' id='word_1_56' title='bbox 1542 719 1792 780; x_wconf 88' lang='lat' dir='ltr'>diducta</span> <span class='ocrx_word' id='word_1_57' title='bbox 1820 720 2047 793; x_wconf 90' lang='lat' dir='ltr'>oratio,</span> <span class='ocrx_word' id='word_1_58' title='bbox 2077 739 2199 783; x_wconf 89' lang='lat' dir='ltr'>non</span> <span class='ocrx_word' id='word_1_59' title='bbox 2233 724 2369 784; x_wconf 76' lang='lat' dir='ltr'>fon-</span> 
     </span>
     <span class='ocr_line' id='line_1_7' title="bbox 289 801 2367 877; baseline 0.003 -15"><span class='ocrx_word' id='word_1_60' title='bbox 289 801 481 871; x_wconf 86' lang='lat' dir='ltr'>tibus;</span> <span class='ocrx_word' id='word_1_61' title='bbox 525 809 617 876; x_wconf 90' lang='lat' dir='ltr'>et,</span> <span class='ocrx_word' id='word_1_62' title='bbox 664 817 1055 877; x_wconf 90' lang='lat' dir='ltr'>quocumque</span> <span class='ocrx_word' id='word_1_63' title='bbox 1080 801 1445 877; x_wconf 82' lang='lat' dir='ltr'>ingreditur,</span> <span class='ocrx_word' id='word_1_64' title='bbox 1483 804 1703 864; x_wconf 90' lang='lat' dir='ltr'>eodem</span> <span class='ocrx_word' id='word_1_65' title='bbox 1731 814 1828 864; x_wconf 92' lang='lat' dir='ltr'>est</span> <span class='ocrx_word' id='word_1_66' title='bbox 1856 803 2157 867; x_wconf 88' lang='lat' dir='ltr'>instructu</span> <span class='ocrx_word' id='word_1_67' title='bbox 2185 821 2367 868; x_wconf 87' lang='lat' dir='ltr'>orna·</span> 
     </span>
     <span class='ocr_line' id='line_1_8' title="bbox 286 885 2367 966; baseline 0.002 -19"><span class='ocrx_word' id='word_1_68' title='bbox 286 894 479 960; x_wconf 88' lang='lat' dir='ltr'>tuque</span> <span class='ocrx_word' id='word_1_69' title='bbox 509 890 811 946; x_wconf 85' lang='lat' dir='ltr'>comitata.</span> <span class='ocrx_word' id='word_1_70' title='bbox 874 885 973 945; x_wconf 79' lang='lat'>24.</span> <span class='ocrx_word' id='word_1_71' title='bbox 1021 885 1147 946; x_wconf 85' lang='lat' dir='ltr'>Sed</span> <span class='ocrx_word' id='word_1_72' title='bbox 1191 885 1481 961; x_wconf 90' lang='lat' dir='ltr'>quoniam</span> <span class='ocrx_word' id='word_1_73' title='bbox 1520 887 1809 963; x_wconf 83' lang='lat' dir='ltr'>oppressi</span> <span class='ocrx_word' id='word_1_74' title='bbox 1839 887 1958 948; x_wconf 87' lang='lat' dir='ltr'>iarn</span> <span class='ocrx_word' id='word_1_75' title='bbox 1989 906 2200 950; x_wconf 90' lang='lat' dir='ltr'>sumus</span> <span class='ocrx_word' id='word_1_76' title='bbox 2232 889 2367 966; x_wconf 87' lang='lat' dir='ltr'>opi·</span> 
     </span>
     <span class='ocr_line' id='line_1_9' title="bbox 288 968 2365 1044; baseline 0.003 -16"><span class='ocrx_word' id='word_1_77' title='bbox 288 968 577 1030; x_wconf 90' lang='lat' dir='ltr'>nionibus</span> <span class='ocrx_word' id='word_1_78' title='bbox 606 986 725 1028; x_wconf 92' lang='lat' dir='ltr'>non</span> <span class='ocrx_word' id='word_1_79' title='bbox 761 970 945 1029; x_wconf 91' lang='lat' dir='ltr'>modo</span> <span class='ocrx_word' id='word_1_80' title='bbox 976 969 1174 1044; x_wconf 90' lang='lat' dir='ltr'>vulgi,</span> <span class='ocrx_word' id='word_1_81' title='bbox 1203 986 1415 1030; x_wconf 90' lang='lat' dir='ltr'>verum</span> <span class='ocrx_word' id='word_1_82' title='bbox 1447 969 1625 1031; x_wconf 91' lang='lat' dir='ltr'>etiam</span> <span class='ocrx_word' id='word_1_83' title='bbox 1649 970 1961 1032; x_wconf 88' lang='lat' dir='ltr'>hominurn</span> <span class='ocrx_word' id='word_1_84' title='bbox 1987 973 2201 1034; x_wconf 87' lang='lat' dir='ltr'>leviter</span> <span class='ocrx_word' id='word_1_85' title='bbox 2223 991 2365 1035; x_wconf 90' lang='lat' dir='ltr'>eru-</span> 
     </span>
     <span class='ocr_line' id='line_1_10' title="bbox 287 1052 2367 1129; baseline 0.002 -16"><span class='ocrx_word' id='word_1_86' title='bbox 287 1053 582 1115; x_wconf 86' lang='lat' dir='ltr'>ditorum.</span> <span class='ocrx_word' id='word_1_87' title='bbox 625 1052 759 1128; x_wconf 92' lang='lat' dir='ltr'>qui,</span> <span class='ocrx_word' id='word_1_88' title='bbox 805 1069 964 1127; x_wconf 90' lang='lat' dir='ltr'>quae</span> <span class='ocrx_word' id='word_1_89' title='bbox 1011 1053 1334 1128; x_wconf 77' lang='lat' dir='ltr'>complecti</span> <span class='ocrx_word' id='word_1_90' title='bbox 1378 1061 1506 1114; x_wconf 88' lang='lat' dir='ltr'>tota</span> <span class='ocrx_word' id='word_1_91' title='bbox 1549 1064 1894 1129; x_wconf 90' lang='lat' dir='ltr'>nequeunt,</span> <span class='ocrx_word' id='word_1_92' title='bbox 1938 1057 2092 1117; x_wconf 88' lang='lat' dir='ltr'>haec</span> <span class='ocrx_word' id='word_1_93' title='bbox 2122 1056 2367 1119; x_wconf 79' lang='lat' dir='ltr'>facilius</span> 
     </span>
     <span class='ocr_line' id='line_1_11' title="bbox 287 1135 2365 1215; baseline 0.004 -23"><span class='ocrx_word' id='word_1_94' title='bbox 287 1135 531 1197; x_wconf 80' lang='lat' dir='ltr'>divulsa</span> <span class='ocrx_word' id='word_1_95' title='bbox 577 1145 638 1196; x_wconf 95' lang='lat' dir='ltr'>et</span> <span class='ocrx_word' id='word_1_96' title='bbox 682 1135 861 1212; x_wconf 84' lang='lat' dir='ltr'>quasi</span> <span class='ocrx_word' id='word_1_97' title='bbox 907 1135 1218 1212; x_wconf 83' lang='lat' dir='ltr'>discerpta</span> <span class='ocrx_word' id='word_1_98' title='bbox 1257 1146 1665 1210; x_wconf 83' lang='lat' dir='ltr'>contrectant,</span> <span class='ocrx_word' id='word_1_99' title='bbox 1712 1146 1773 1200; x_wconf 89' lang='lat' dir='ltr'>et</span> <span class='ocrx_word' id='word_1_100' title='bbox 1813 1139 1916 1215; x_wconf 92' lang='lat' dir='ltr'>qui</span> <span class='ocrx_word' id='word_1_101' title='bbox 1944 1150 2253 1215; x_wconf 88' lang='lat' dir='ltr'>tamquam</span> <span class='ocrx_word' id='word_1_102' title='bbox 2283 1142 2365 1200; x_wconf 86' lang='lat' dir='ltr'>ab</span> 
     </span>
     <span class='ocr_line' id='line_1_12' title="bbox 286 1219 2365 1299; baseline 0.002 -19"><span class='ocrx_word' id='word_1_103' title='bbox 286 1223 489 1281; x_wconf 86' lang='lat' dir='ltr'>animo</span> <span class='ocrx_word' id='word_1_104' title='bbox 522 1235 772 1295; x_wconf 84' lang='lat' dir='ltr'>corpuS,</span> <span class='ocrx_word' id='word_1_105' title='bbox 810 1219 901 1280; x_wconf 91' lang='lat' dir='ltr'>sic</span> <span class='ocrx_word' id='word_1_106' title='bbox 931 1237 968 1279; x_wconf 92' lang='lat' dir='ltr'>a</span> <span class='ocrx_word' id='word_1_107' title='bbox 998 1220 1319 1282; x_wconf 84' lang='lat' dir='ltr'>sententiis</span> <span class='ocrx_word' id='word_1_108' title='bbox 1348 1222 1538 1282; x_wconf 84' lang='lat' dir='ltr'>verba</span> <span class='ocrx_word' id='word_1_109' title='bbox 1559 1221 1903 1298; x_wconf 90' lang='lat' dir='ltr'>seiungunt,</span> <span class='ocrx_word' id='word_1_110' title='bbox 1939 1241 2197 1299; x_wconf 90' lang='lat' dir='ltr'>quorum</span> <span class='ocrx_word' id='word_1_111' title='bbox 2223 1223 2365 1285; x_wconf 87' lang='lat' dir='ltr'>sine</span> 
     </span>
     <span class='ocr_line' id='line_1_13' title="bbox 287 1303 2358 1380; baseline 0.002 -16"><span class='ocrx_word' id='word_1_112' title='bbox 287 1304 530 1365; x_wconf 88' lang='lat' dir='ltr'>interitu</span> <span class='ocrx_word' id='word_1_113' title='bbox 576 1303 709 1364; x_wconf 85' lang='lat' dir='ltr'>fieri</span> <span class='ocrx_word' id='word_1_114' title='bbox 756 1313 1031 1365; x_wconf 89' lang='lat' dir='ltr'>neutrum</span> <span class='ocrx_word' id='word_1_115' title='bbox 1075 1314 1314 1380; x_wconf 90' lang='lat' dir='ltr'>potest,</span> <span class='ocrx_word' id='word_1_116' title='bbox 1359 1322 1481 1366; x_wconf 89' lang='lat' dir='ltr'>non</span> <span class='ocrx_word' id='word_1_117' title='bbox 1527 1304 1864 1380; x_wconf 89' lang='lat' dir='ltr'>suscipiam</span> <span class='ocrx_word' id='word_1_118' title='bbox 1907 1308 2183 1369; x_wconf 90' lang='lat' dir='ltr'>oratione</span> <span class='ocrx_word' id='word_1_119' title='bbox 2222 1325 2358 1369; x_wconf 86' lang='lat' dir='ltr'>mea</span> 
     </span>
     <span class='ocr_line' id='line_1_14' title="bbox 286 1386 2363 1468; baseline 0.002 -20"><span class='ocrx_word' id='word_1_120' title='bbox 286 1391 426 1465; x_wconf 89' lang='lat' dir='ltr'>plus</span> <span class='ocrx_word' id='word_1_121' title='bbox 465 1405 647 1463; x_wconf 84' lang='lat' dir='ltr'>quam</span> <span class='ocrx_word' id='word_1_122' title='bbox 675 1386 820 1447; x_wconf 87' lang='lat' dir='ltr'>mihi</span> <span class='ocrx_word' id='word_1_123' title='bbox 850 1387 1197 1462; x_wconf 87' lang='lat' dir='ltr'>imponitur.</span> <span class='ocrx_word' id='word_1_124' title='bbox 1278 1390 1533 1450; x_wconf 90' lang='lat' dir='ltr'>Tantum</span> <span class='ocrx_word' id='word_1_125' title='bbox 1568 1388 1930 1464; x_wconf 85' lang='lat' dir='ltr'>significabo</span> <span class='ocrx_word' id='word_1_126' title='bbox 1960 1390 2131 1451; x_wconf 89' lang='lat' dir='ltr'>brevi</span> <span class='ocrx_word' id='word_1_127' title='bbox 2157 1406 2363 1468; x_wconf 77' lang='lat' dir='ltr'>neque</span> 
     </span>
     <span class='ocr_line' id='line_1_15' title="bbox 284 1470 2363 1551; baseline 0.004 -21"><span class='ocrx_word' id='word_1_128' title='bbox 284 1472 609 1531; x_wconf 90' lang='lat' dir='ltr'>verborum</span> <span class='ocrx_word' id='word_1_129' title='bbox 656 1479 933 1532; x_wconf 91' lang='lat' dir='ltr'>ornatum</span> <span class='ocrx_word' id='word_1_130' title='bbox 977 1470 1237 1533; x_wconf 91' lang='lat' dir='ltr'>inveniri</span> <span class='ocrx_word' id='word_1_131' title='bbox 1280 1489 1472 1547; x_wconf 91' lang='lat' dir='ltr'>posse</span> <span class='ocrx_word' id='word_1_132' title='bbox 1515 1490 1638 1533; x_wconf 92' lang='lat' dir='ltr'>non</span> <span class='ocrx_word' id='word_1_133' title='bbox 1683 1473 1875 1550; x_wconf 88' lang='lat' dir='ltr'>partis</span> <span class='ocrx_word' id='word_1_134' title='bbox 1911 1473 2363 1551; x_wconf 89' lang='lat' dir='ltr'>expressisque</span> 
     </span>
     <span class='ocr_line' id='line_1_16' title="bbox 286 1551 2360 1629; baseline 0.003 -15"><span class='ocrx_word' id='word_1_135' title='bbox 286 1551 605 1614; x_wconf 89' lang='lat' dir='ltr'>sententiis</span> <span class='ocrx_word' id='word_1_136' title='bbox 649 1570 852 1629; x_wconf 87' lang='lat' dir='ltr'>neque</span> <span class='ocrx_word' id='word_1_137' title='bbox 895 1571 1040 1614; x_wconf 90' lang='lat' dir='ltr'>esse</span> <span class='ocrx_word' id='word_1_138' title='bbox 1082 1556 1264 1615; x_wconf 90' lang='lat' dir='ltr'>ullam</span> <span class='ocrx_word' id='word_1_139' title='bbox 1307 1557 1671 1617; x_wconf 86' lang='lat' dir='ltr'>sententiam</span> <span class='ocrx_word' id='word_1_140' title='bbox 1710 1557 2006 1618; x_wconf 87' lang='lat' dir='ltr'>illustrem</span> <span class='ocrx_word' id='word_1_141' title='bbox 2050 1558 2186 1620; x_wconf 87' lang='lat' dir='ltr'>sine</span> <span class='ocrx_word' id='word_1_142' title='bbox 2219 1561 2360 1621; x_wconf 86' lang='lat' dir='ltr'>luce</span> 
     </span>
     <span class='ocr_line' id='line_1_17' title="bbox 287 1637 2362 1719; baseline 0.004 -23"><span class='ocrx_word' id='word_1_143' title='bbox 287 1638 631 1698; x_wconf 85' lang='lat' dir='ltr'>verborum.</span> <span class='ocrx_word' id='word_1_144' title='bbox 690 1637 792 1698; x_wconf 79' lang='lat'>25.</span> <span class='ocrx_word' id='word_1_145' title='bbox 839 1637 964 1697; x_wconf 90' lang='lat' dir='ltr'>Sed</span> <span class='ocrx_word' id='word_1_146' title='bbox 1008 1637 1366 1714; x_wconf 87' lang='lat' dir='ltr'>priusquam</span> <span class='ocrx_word' id='word_1_147' title='bbox 1409 1639 1512 1699; x_wconf 89' lang='lat' dir='ltr'>illa</span> <span class='ocrx_word' id='word_1_148' title='bbox 1541 1657 1735 1701; x_wconf 90' lang='lat' dir='ltr'>conor</span> <span class='ocrx_word' id='word_1_149' title='bbox 1761 1640 2087 1718; x_wconf 88' lang='lat' dir='ltr'>attingere,</span> <span class='ocrx_word' id='word_1_150' title='bbox 2133 1643 2362 1719; x_wconf 91' lang='lat' dir='ltr'>quibus</span> 
     </span>
     <span class='ocr_line' id='line_1_18' title="bbox 287 1720 2361 1801; baseline 0.002 -17"><span class='ocrx_word' id='word_1_151' title='bbox 287 1720 625 1784; x_wconf 83' lang='lat' dir='ltr'>orationem</span> <span class='ocrx_word' id='word_1_152' title='bbox 671 1721 875 1783; x_wconf 90' lang='lat' dir='ltr'>ornari</span> <span class='ocrx_word' id='word_1_153' title='bbox 919 1731 1105 1798; x_wconf 91' lang='lat' dir='ltr'>atque</span> <span class='ocrx_word' id='word_1_154' title='bbox 1140 1722 1465 1784; x_wconf 87' lang='lat' dir='ltr'>illuminari</span> <span class='ocrx_word' id='word_1_155' title='bbox 1499 1733 1741 1800; x_wconf 90' lang='lat' dir='ltr'>putem,</span> <span class='ocrx_word' id='word_1_156' title='bbox 1787 1742 2128 1801; x_wconf 89' lang='lat' dir='ltr'>proponam</span> <span class='ocrx_word' id='word_1_157' title='bbox 2156 1727 2361 1788; x_wconf 90' lang='lat' dir='ltr'>brevi-</span> 
     </span>
     <span class='ocr_line' id='line_1_19' title="bbox 284 1804 1820 1883; baseline -0.001 -15"><span class='ocrx_word' id='word_1_158' title='bbox 284 1815 376 1868; x_wconf 87' lang='lat' dir='ltr'>ter</span> <span class='ocrx_word' id='word_1_159' title='bbox 408 1804 559 1882; x_wconf 91' lang='lat' dir='ltr'>quid</span> <span class='ocrx_word' id='word_1_160' title='bbox 587 1805 845 1868; x_wconf 90' lang='lat' dir='ltr'>sentiam</span> <span class='ocrx_word' id='word_1_161' title='bbox 876 1807 953 1865; x_wconf 90' lang='lat' dir='ltr'>de</span> <span class='ocrx_word' id='word_1_162' title='bbox 982 1806 1272 1868; x_wconf 91' lang='lat' dir='ltr'>universo</span> <span class='ocrx_word' id='word_1_163' title='bbox 1303 1824 1529 1883; x_wconf 85' lang='lat' dir='ltr'>genere</span> <span class='ocrx_word' id='word_1_164' title='bbox 1558 1808 1820 1869; x_wconf 89' lang='lat' dir='ltr'>dicendi.</span> 
     </span>
    </p>

    <p class='ocr_par' dir='ltr' id='par_1_3' title="bbox 284 1891 2363 2557">
     <span class='ocr_line' id='line_1_20' title="bbox 452 1891 2362 1969; baseline 0.005 -19"><span class='ocrx_word' id='word_1_165' title='bbox 452 1892 583 1950; x_wconf 87' lang='lat' dir='ltr'>Vll.</span> <span class='ocrx_word' id='word_1_166' title='bbox 629 1893 856 1952; x_wconf 87' lang='lat' dir='ltr'>Natura</span> <span class='ocrx_word' id='word_1_167' title='bbox 884 1891 1049 1951; x_wconf 85' lang='lat' dir='ltr'>nulla</span> <span class='ocrx_word' id='word_1_168' title='bbox 1081 1900 1194 1965; x_wconf 90' lang='lat' dir='ltr'>est,</span> <span class='ocrx_word' id='word_1_169' title='bbox 1226 1901 1294 1953; x_wconf 89' lang='lat' dir='ltr'>ut</span> <span class='ocrx_word' id='word_1_170' title='bbox 1325 1891 1471 1951; x_wconf 88' lang='lat' dir='ltr'>mihi</span> <span class='ocrx_word' id='word_1_171' title='bbox 1499 1891 1756 1969; x_wconf 90' lang='lat' dir='ltr'>videtur,</span> <span class='ocrx_word' id='word_1_172' title='bbox 1788 1909 1948 1969; x_wconf 91' lang='lat' dir='ltr'>quae</span> <span class='ocrx_word' id='word_1_173' title='bbox 1978 1911 2101 1957; x_wconf 90' lang='lat' dir='ltr'>non</span> <span class='ocrx_word' id='word_1_174' title='bbox 2134 1895 2362 1959; x_wconf 87' lang='lat' dir='ltr'>habeat</span> 
     </span>
     <span class='ocr_line' id='line_1_21' title="bbox 285 1975 2357 2055; baseline 0.002 -20"><span class='ocrx_word' id='word_1_175' title='bbox 285 1992 346 2035; x_wconf 86' lang='lat' dir='ltr'>m</span> <span class='ocrx_word' id='word_1_176' title='bbox 377 1993 489 2036; x_wconf 92' lang='lat' dir='ltr'>suo</span> <span class='ocrx_word' id='word_1_177' title='bbox 528 1993 755 2051; x_wconf 86' lang='lat' dir='ltr'>genere</span> <span class='ocrx_word' id='word_1_178' title='bbox 785 1993 888 2037; x_wconf 92' lang='lat' dir='ltr'>res</span> <span class='ocrx_word' id='word_1_179' title='bbox 917 1977 1265 2052; x_wconf 89' lang='lat' dir='ltr'>complures</span> <span class='ocrx_word' id='word_1_180' title='bbox 1299 1975 1630 2038; x_wconf 90' lang='lat' dir='ltr'>dissimiles</span> <span class='ocrx_word' id='word_1_181' title='bbox 1660 1976 1818 2040; x_wconf 87' lang='lat' dir='ltr'>inter</span> <span class='ocrx_word' id='word_1_182' title='bbox 1846 1994 1935 2053; x_wconf 93' lang='lat' dir='ltr'>se,</span> <span class='ocrx_word' id='word_1_183' title='bbox 1964 1996 2124 2055; x_wconf 93' lang='lat' dir='ltr'>quae</span> <span class='ocrx_word' id='word_1_184' title='bbox 2155 1989 2357 2041; x_wconf 88' lang='lat' dir='ltr'>tamen</span> 
     </span>
     <span class='ocr_line' id='line_1_22' title="bbox 289 2059 2358 2139; baseline 0.003 -21"><span class='ocrx_word' id='word_1_185' title='bbox 289 2059 588 2121; x_wconf 89' lang='lat' dir='ltr'>consimili</span> <span class='ocrx_word' id='word_1_186' title='bbox 611 2062 793 2122; x_wconf 86' lang='lat' dir='ltr'>laude</span> <span class='ocrx_word' id='word_1_187' title='bbox 818 2061 1158 2135; x_wconf 90' lang='lat' dir='ltr'>dignentur.</span> <span class='ocrx_word' id='word_1_188' title='bbox 1215 2061 1365 2120; x_wconf 89' lang='lat' dir='ltr'>Nam</span> <span class='ocrx_word' id='word_1_189' title='bbox 1394 2067 1454 2120; x_wconf 90' lang='lat' dir='ltr'>et</span> <span class='ocrx_word' id='word_1_190' title='bbox 1477 2060 1725 2122; x_wconf 89' lang='lat' dir='ltr'>auribus</span> <span class='ocrx_word' id='word_1_191' title='bbox 1750 2064 1936 2123; x_wconf 88' lang='lat' dir='ltr'>multa</span> <span class='ocrx_word' id='word_1_192' title='bbox 1961 2063 2358 2139; x_wconf 81' lang='lat' dir='ltr'>percipimus,</span> 
     </span>
     <span class='ocr_line' id='line_1_23' title="bbox 289 2142 2361 2224; baseline 0.003 -21"><span class='ocrx_word' id='word_1_193' title='bbox 289 2161 447 2219; x_wconf 88' lang='lat' dir='ltr'>quae</span> <span class='ocrx_word' id='word_1_194' title='bbox 477 2142 594 2203; x_wconf 89' lang='lat' dir='ltr'>etsi</span> <span class='ocrx_word' id='word_1_195' title='bbox 623 2161 739 2205; x_wconf 88' lang='lat' dir='ltr'>nos</span> <span class='ocrx_word' id='word_1_196' title='bbox 771 2143 1030 2205; x_wconf 91' lang='lat' dir='ltr'>vocibus</span> <span class='ocrx_word' id='word_1_197' title='bbox 1062 2144 1401 2217; x_wconf 90' lang='lat' dir='ltr'>delectant,</span> <span class='ocrx_word' id='word_1_198' title='bbox 1436 2153 1635 2205; x_wconf 90' lang='lat' dir='ltr'>tamen</span> <span class='ocrx_word' id='word_1_199' title='bbox 1664 2145 1748 2207; x_wconf 86' lang='lat' dir='ltr'>ita</span> <span class='ocrx_word' id='word_1_200' title='bbox 1777 2155 1919 2207; x_wconf 91' lang='lat' dir='ltr'>sunt</span> <span class='ocrx_word' id='word_1_201' title='bbox 1947 2146 2119 2207; x_wconf 84' lang='lat' dir='ltr'>varia</span> <span class='ocrx_word' id='word_1_202' title='bbox 2147 2164 2361 2224; x_wconf 85' lang='lat' dir='ltr'>saepe,</span> 
     </span>
     <span class='ocr_line' id='line_1_24' title="bbox 285 2226 2355 2304; baseline 0.003 -18"><span class='ocrx_word' id='word_1_203' title='bbox 285 2235 351 2287; x_wconf 90' lang='lat' dir='ltr'>ut</span> <span class='ocrx_word' id='word_1_204' title='bbox 382 2227 442 2286; x_wconf 91' lang='lat' dir='ltr'>id</span> <span class='ocrx_word' id='word_1_205' title='bbox 459 2274 473 2300; x_wconf 93' lang='lat'>,</span> <span class='ocrx_word' id='word_1_206' title='bbox 506 2229 674 2302; x_wconf 91' lang='lat' dir='ltr'>quod</span> <span class='ocrx_word' id='word_1_207' title='bbox 699 2226 1042 2303; x_wconf 89' lang='lat' dir='ltr'>proximum</span> <span class='ocrx_word' id='word_1_208' title='bbox 1063 2228 1309 2304; x_wconf 82' lang='lat' dir='ltr'>audias,</span> <span class='ocrx_word' id='word_1_209' title='bbox 1350 2227 1857 2291; x_wconf 90' lang='lat' dir='ltr'>iucundissimum</span> <span class='ocrx_word' id='word_1_210' title='bbox 1881 2246 2025 2291; x_wconf 90' lang='lat' dir='ltr'>esse</span> <span class='ocrx_word' id='word_1_211' title='bbox 2041 2230 2355 2302; x_wconf 89' lang='lat' dir='ltr'>videatur,</span> 
     </span>
     <span class='ocr_line' id='line_1_25' title="bbox 286 2310 2363 2391; baseline 0.002 -19"><span class='ocrx_word' id='word_1_212' title='bbox 286 2320 346 2372; x_wconf 84' lang='lat' dir='ltr'>et</span> <span class='ocrx_word' id='word_1_213' title='bbox 391 2310 586 2371; x_wconf 92' lang='lat' dir='ltr'>oculis</span> <span class='ocrx_word' id='word_1_214' title='bbox 630 2310 996 2385; x_wconf 87' lang='lat' dir='ltr'>colliguntur</span> <span class='ocrx_word' id='word_1_215' title='bbox 1035 2327 1234 2385; x_wconf 87' lang='lat' dir='ltr'>paene</span> <span class='ocrx_word' id='word_1_216' title='bbox 1263 2310 1740 2373; x_wconf 86' lang='lat' dir='ltr'>innumerabiles</span> <span class='ocrx_word' id='word_1_217' title='bbox 1769 2315 2148 2391; x_wconf 80' lang='lat' dir='ltr'>voluptateS,</span> <span class='ocrx_word' id='word_1_218' title='bbox 2197 2331 2363 2389; x_wconf 85' lang='lat' dir='ltr'>quae</span> 
     </span>
     <span class='ocr_line' id='line_1_26' title="bbox 286 2393 2353 2473; baseline 0.003 -20"><span class='ocrx_word' id='word_1_219' title='bbox 286 2410 401 2454; x_wconf 87' lang='lat' dir='ltr'>nos</span> <span class='ocrx_word' id='word_1_220' title='bbox 432 2393 516 2455; x_wconf 89' lang='lat' dir='ltr'>ita</span> <span class='ocrx_word' id='word_1_221' title='bbox 542 2393 816 2470; x_wconf 88' lang='lat' dir='ltr'>capiunt,</span> <span class='ocrx_word' id='word_1_222' title='bbox 853 2403 921 2455; x_wconf 90' lang='lat' dir='ltr'>ut</span> <span class='ocrx_word' id='word_1_223' title='bbox 947 2412 1137 2455; x_wconf 91' lang='lat' dir='ltr'>unum</span> <span class='ocrx_word' id='word_1_224' title='bbox 1166 2411 1418 2456; x_wconf 90' lang='lat' dir='ltr'>sensum</span> <span class='ocrx_word' id='word_1_225' title='bbox 1449 2395 1728 2458; x_wconf 89' lang='lat' dir='ltr'>dissimili</span> <span class='ocrx_word' id='word_1_226' title='bbox 1764 2414 1991 2473; x_wconf 88' lang='lat' dir='ltr'>genere</span> <span class='ocrx_word' id='word_1_227' title='bbox 2021 2399 2353 2472; x_wconf 84' lang='lat' dir='ltr'>delectent,</span> 
     </span>
     <span class='ocr_line' id='line_1_27' title="bbox 284 2476 2363 2557; baseline 0.002 -19"><span class='ocrx_word' id='word_1_228' title='bbox 284 2487 346 2538; x_wconf 90' lang='lat' dir='ltr'>et</span> <span class='ocrx_word' id='word_1_229' title='bbox 373 2476 647 2552; x_wconf 91' lang='lat' dir='ltr'>reliquos</span> <span class='ocrx_word' id='word_1_230' title='bbox 679 2494 904 2538; x_wconf 91' lang='lat' dir='ltr'>sensus</span> <span class='ocrx_word' id='word_1_231' title='bbox 937 2480 1281 2554; x_wconf 89' lang='lat' dir='ltr'>voluptates</span> <span class='ocrx_word' id='word_1_232' title='bbox 1315 2481 1621 2542; x_wconf 86' lang='lat' dir='ltr'>oblectant</span> <span class='ocrx_word' id='word_1_233' title='bbox 1650 2480 1964 2557; x_wconf 89' lang='lat' dir='ltr'>dispares,</span> <span class='ocrx_word' id='word_1_234' title='bbox 2011 2492 2077 2543; x_wconf 94' lang='lat' dir='ltr'>ut</span> <span class='ocrx_word' id='word_1_235' title='bbox 2120 2482 2200 2543; x_wconf 91' lang='lat' dir='ltr'>sit</span> <span class='ocrx_word' id='word_1_236' title='bbox 2242 2483 2363 2543; x_wconf 81' lang='lat' dir='ltr'>dit·-</span> 
     </span>
    </p>
   </div>
   <div class='ocr_carea' id='block_1_3' title="bbox 187 2555 2365 2629">
    <p class='ocr_par' dir='ltr' id='par_1_4' title="bbox 187 2555 2365 2629">
     <span class='ocr_line' id='line_1_28' title="bbox 187 2555 2365 2629; baseline 0.003 -8"><span class='ocrx_word' id='word_1_237' title='bbox 187 2555 202 2567; x_wconf 82' lang='grc'><strong>’</strong></span> <span class='ocrx_word' id='word_1_238' title='bbox 284 2558 446 2621; x_wconf 89' lang='lat' dir='ltr'>ficile</span> <span class='ocrx_word' id='word_1_239' title='bbox 489 2559 777 2622; x_wconf 78' lang='lat' dir='ltr'>iudIcium</span> <span class='ocrx_word' id='word_1_240' title='bbox 823 2563 1181 2624; x_wconf 86' lang='lat' dir='ltr'>excellentis</span> <span class='ocrx_word' id='word_1_241' title='bbox 1225 2564 1490 2625; x_wconf 85' lang='lat' dir='ltr'>maxime</span> <span class='ocrx_word' id='word_1_242' title='bbox 1534 2565 1876 2627; x_wconf 86' lang='lat' dir='ltr'>suavitatis.</span> <span class='ocrx_word' id='word_1_243' title='bbox 1969 2565 2070 2629; x_wconf 77' lang='lat'>26.</span> <span class='ocrx_word' id='word_1_244' title='bbox 2113 2567 2195 2627; x_wconf 93' lang='lat' dir='ltr'>At</span> <span class='ocrx_word' id='word_1_245' title='bbox 2237 2566 2365 2627; x_wconf 89' lang='lat' dir='ltr'>hoc</span> 
     </span>
    </p>
   </div>
   <div class='ocr_carea' id='block_1_4' title="bbox 284 2645 2363 3562">
    <p class='ocr_par' dir='ltr' id='par_1_5' title="bbox 284 2645 2363 3562">
     <span class='ocr_line' id='line_1_29' title="bbox 285 2645 2363 2727; baseline 0.004 -25"><span class='ocrx_word' id='word_1_246' title='bbox 285 2645 445 2703; x_wconf 87' lang='lat' dir='ltr'>idem</span> <span class='ocrx_word' id='word_1_247' title='bbox 464 2690 481 2720; x_wconf 90' lang='lat'>,</span> <span class='ocrx_word' id='word_1_248' title='bbox 528 2647 697 2720; x_wconf 92' lang='lat' dir='ltr'>quod</span> <span class='ocrx_word' id='word_1_249' title='bbox 725 2646 905 2708; x_wconf 89' lang='lat' dir='ltr'>estin</span> <span class='ocrx_word' id='word_1_250' title='bbox 937 2647 1170 2709; x_wconf 88' lang='lat' dir='ltr'>naturis</span> <span class='ocrx_word' id='word_1_251' title='bbox 1198 2664 1431 2722; x_wconf 90' lang='lat' dir='ltr'>rerum,</span> <span class='ocrx_word' id='word_1_252' title='bbox 1473 2649 1786 2710; x_wconf 81' lang='lat' dir='ltr'>transferri</span> <span class='ocrx_word' id='word_1_253' title='bbox 1831 2658 2039 2727; x_wconf 86' lang='lat' dir='ltr'>potest</span> <span class='ocrx_word' id='word_1_254' title='bbox 2066 2650 2249 2711; x_wconf 89' lang='lat' dir='ltr'>etiam</span> <span class='ocrx_word' id='word_1_255' title='bbox 2277 2651 2363 2710; x_wconf 90' lang='lat' dir='ltr'>ad</span> 
     </span>
     <span class='ocr_line' id='line_1_30' title="bbox 284 2730 2358 2809; baseline 0.003 -22"><span class='ocrx_word' id='word_1_256' title='bbox 284 2738 470 2789; x_wconf 88' lang='lat' dir='ltr'>artes.</span> <span class='ocrx_word' id='word_1_257' title='bbox 524 2731 661 2790; x_wconf 90' lang='lat' dir='ltr'>Una</span> <span class='ocrx_word' id='word_1_258' title='bbox 686 2730 957 2806; x_wconf 85' lang='lat' dir='ltr'>fingendi</span> <span class='ocrx_word' id='word_1_259' title='bbox 985 2743 1082 2793; x_wconf 89' lang='lat' dir='ltr'>est</span> <span class='ocrx_word' id='word_1_260' title='bbox 1105 2749 1227 2807; x_wconf 91' lang='lat' dir='ltr'>ars,</span> <span class='ocrx_word' id='word_1_261' title='bbox 1249 2732 1309 2791; x_wconf 90' lang='lat' dir='ltr'>in</span> <span class='ocrx_word' id='word_1_262' title='bbox 1336 2750 1459 2808; x_wconf 89' lang='lat' dir='ltr'>qua</span> <span class='ocrx_word' id='word_1_263' title='bbox 1481 2741 1868 2808; x_wconf 87' lang='lat' dir='ltr'>praestantes</span> <span class='ocrx_word' id='word_1_264' title='bbox 1892 2735 2135 2795; x_wconf 82' lang='lat' dir='ltr'>ruerunt</span> <span class='ocrx_word' id='word_1_265' title='bbox 2155 2734 2358 2809; x_wconf 76' lang='lat' dir='ltr'>Myra,</span> 
     </span>
     <span class='ocr_line' id='line_1_31' title="bbox 286 2813 2360 2892; baseline 0.001 -20"><span class='ocrx_word' id='word_1_266' title='bbox 286 2813 649 2890; x_wconf 82' lang='lat' dir='ltr'>Polyclitus,</span> <span class='ocrx_word' id='word_1_267' title='bbox 677 2814 1026 2891; x_wconf 80' lang='lat' dir='ltr'>Lysippus3</span> <span class='ocrx_word' id='word_1_268' title='bbox 1063 2815 1167 2892; x_wconf 92' lang='lat' dir='ltr'>qui</span> <span class='ocrx_word' id='word_1_269' title='bbox 1198 2832 1413 2877; x_wconf 90' lang='lat' dir='ltr'>omnes</span> <span class='ocrx_word' id='word_1_270' title='bbox 1442 2815 1600 2877; x_wconf 89' lang='lat' dir='ltr'>inter</span> <span class='ocrx_word' id='word_1_271' title='bbox 1629 2834 1699 2877; x_wconf 92' lang='lat' dir='ltr'>se</span> <span class='ocrx_word' id='word_1_272' title='bbox 1729 2816 2062 2879; x_wconf 89' lang='lat' dir='ltr'>dissimiles</span> <span class='ocrx_word' id='word_1_273' title='bbox 2093 2819 2360 2891; x_wconf 88' lang='lat' dir='ltr'>fuerunt,</span> 
     </span>
     <span class='ocr_line' id='line_1_32' title="bbox 286 2897 2357 2971; baseline 0.001 -15"><span class='ocrx_word' id='word_1_274' title='bbox 286 2898 399 2957; x_wconf 92' lang='lat' dir='ltr'>sed</span> <span class='ocrx_word' id='word_1_275' title='bbox 441 2897 525 2957; x_wconf 88' lang='lat' dir='ltr'>ita</span> <span class='ocrx_word' id='word_1_276' title='bbox 570 2904 799 2971; x_wconf 90' lang='lat' dir='ltr'>tamen,</span> <span class='ocrx_word' id='word_1_277' title='bbox 847 2908 914 2959; x_wconf 92' lang='lat' dir='ltr'>ut</span> <span class='ocrx_word' id='word_1_278' title='bbox 958 2898 1259 2959; x_wconf 90' lang='lat' dir='ltr'>neminem</span> <span class='ocrx_word' id='word_1_279' title='bbox 1296 2899 1392 2959; x_wconf 93' lang='lat' dir='ltr'>sui</span> <span class='ocrx_word' id='word_1_280' title='bbox 1422 2901 1578 2961; x_wconf 90' lang='lat' dir='ltr'>velis</span> <span class='ocrx_word' id='word_1_281' title='bbox 1608 2916 1751 2961; x_wconf 90' lang='lat' dir='ltr'>esse</span> <span class='ocrx_word' id='word_1_282' title='bbox 1785 2899 2163 2962; x_wconf 89' lang='lat' dir='ltr'>dissimilem.</span> <span class='ocrx_word' id='word_1_283' title='bbox 2219 2902 2357 2961; x_wconf 82' lang='lat' dir='ltr'>Una</span> 
     </span>
     <span class='ocr_line' id='line_1_33' title="bbox 285 2980 2359 3061; baseline 0.002 -21"><span class='ocrx_word' id='word_1_284' title='bbox 285 2988 382 3040; x_wconf 92' lang='lat' dir='ltr'>est</span> <span class='ocrx_word' id='word_1_285' title='bbox 404 2996 506 3041; x_wconf 89' lang='lat' dir='ltr'>ars</span> <span class='ocrx_word' id='word_1_286' title='bbox 528 2980 811 3057; x_wconf 85' lang='lat' dir='ltr'>ratioque</span> <span class='ocrx_word' id='word_1_287' title='bbox 833 2982 1109 3058; x_wconf 88' lang='lat' dir='ltr'>picturae</span> <span class='ocrx_word' id='word_1_288' title='bbox 1125 3030 1140 3057; x_wconf 93' lang='lat'><em>‚</em></span> <span class='ocrx_word' id='word_1_289' title='bbox 1172 2982 1684 3061; x_wconf 89' lang='lat' dir='ltr'>dissimillimique</span> <span class='ocrx_word' id='word_1_290' title='bbox 1707 2994 1907 3046; x_wconf 89' lang='lat' dir='ltr'>tamen</span> <span class='ocrx_word' id='word_1_291' title='bbox 1931 2984 2091 3046; x_wconf 90' lang='lat' dir='ltr'>inter</span> <span class='ocrx_word' id='word_1_292' title='bbox 2111 3000 2180 3045; x_wconf 92' lang='lat' dir='ltr'>se</span> <span class='ocrx_word' id='word_1_293' title='bbox 2201 2984 2359 3045; x_wconf 85' lang='lat' dir='ltr'>Zeu·</span> 
     </span>
     <span class='ocr_line' id='line_1_34' title="bbox 287 3065 2362 3144; baseline 0.003 -21"><span class='ocrx_word' id='word_1_294' title='bbox 287 3065 413 3139; x_wconf 86' lang='lat' dir='ltr'>xis,</span> <span class='ocrx_word' id='word_1_295' title='bbox 458 3066 856 3142; x_wconf 88' lang='lat' dir='ltr'>Aglaophon,</span> <span class='ocrx_word' id='word_1_296' title='bbox 903 3068 1187 3142; x_wconf 86' lang='lat' dir='ltr'>Apelles,</span> <span class='ocrx_word' id='word_1_297' title='bbox 1248 3083 1451 3143; x_wconf 89' lang='lat' dir='ltr'>neque</span> <span class='ocrx_word' id='word_1_298' title='bbox 1495 3085 1705 3129; x_wconf 89' lang='lat' dir='ltr'>eorum</span> <span class='ocrx_word' id='word_1_299' title='bbox 1751 3067 2077 3144; x_wconf 90' lang='lat' dir='ltr'>quisquam</span> <span class='ocrx_word' id='word_1_300' title='bbox 2119 3076 2216 3129; x_wconf 88' lang='lat' dir='ltr'>est</span> <span class='ocrx_word' id='word_1_301' title='bbox 2257 3065 2362 3129; x_wconf 83' lang='lat' dir='ltr'>cui</span> 
     </span>
     <span class='ocr_line' id='line_1_35' title="bbox 289 3148 2360 3228; baseline 0.001 -18"><span class='ocrx_word' id='word_1_302' title='bbox 289 3148 626 3225; x_wconf 84' lang='lat' dir='ltr'>quidquam</span> <span class='ocrx_word' id='word_1_303' title='bbox 655 3149 715 3209; x_wconf 89' lang='lat' dir='ltr'>in</span> <span class='ocrx_word' id='word_1_304' title='bbox 745 3158 874 3211; x_wconf 86' lang='lat' dir='ltr'>arte</span> <span class='ocrx_word' id='word_1_305' title='bbox 906 3167 1019 3211; x_wconf 85' lang='lat' dir='ltr'>sua</span> <span class='ocrx_word' id='word_1_306' title='bbox 1046 3152 1271 3213; x_wconf 90' lang='lat' dir='ltr'>deesse</span> <span class='ocrx_word' id='word_1_307' title='bbox 1299 3151 1597 3214; x_wconf 90' lang='lat' dir='ltr'>videatur.</span> <span class='ocrx_word' id='word_1_308' title='bbox 1654 3154 1728 3213; x_wconf 90' lang='lat' dir='ltr'>Et</span> <span class='ocrx_word' id='word_1_309' title='bbox 1757 3152 1809 3213; x_wconf 92' lang='lat' dir='ltr'>si</span> <span class='ocrx_word' id='word_1_310' title='bbox 1832 3150 2036 3213; x_wconf 91' lang='lat' dir='ltr'>hocin</span> <span class='ocrx_word' id='word_1_311' title='bbox 2059 3151 2156 3212; x_wconf 91' lang='lat' dir='ltr'>his</span> <span class='ocrx_word' id='word_1_312' title='bbox 2176 3150 2360 3228; x_wconf 84' lang='lat' dir='ltr'>quasi</span> 
     </span>
     <span class='ocr_line' id='line_1_36' title="bbox 288 3233 2359 3309; baseline 0.002 -17"><span class='ocrx_word' id='word_1_313' title='bbox 288 3233 470 3295; x_wconf 89' lang='lat' dir='ltr'>mutis</span> <span class='ocrx_word' id='word_1_314' title='bbox 494 3236 726 3295; x_wconf 91' lang='lat' dir='ltr'>artibus</span> <span class='ocrx_word' id='word_1_315' title='bbox 758 3243 857 3294; x_wconf 88' lang='lat' dir='ltr'>est</span> <span class='ocrx_word' id='word_1_316' title='bbox 884 3234 1224 3293; x_wconf 87' lang='lat' dir='ltr'>mirandum</span> <span class='ocrx_word' id='word_1_317' title='bbox 1250 3241 1311 3293; x_wconf 90' lang='lat' dir='ltr'>et</span> <span class='ocrx_word' id='word_1_318' title='bbox 1340 3242 1543 3295; x_wconf 87' lang='lat' dir='ltr'>tamen</span> <span class='ocrx_word' id='word_1_319' title='bbox 1573 3250 1807 3307; x_wconf 90' lang='lat' dir='ltr'>verum,</span> <span class='ocrx_word' id='word_1_320' title='bbox 1835 3245 2065 3309; x_wconf 88' lang='lat' dir='ltr'>quanto</span> <span class='ocrx_word' id='word_1_321' title='bbox 2095 3235 2359 3297; x_wconf 81' lang='lat' dir='ltr'>admira—</span> 
     </span>
     <span class='ocr_line' id='line_1_37' title="bbox 286 3315 2360 3394; baseline 0.001 -18"><span class='ocrx_word' id='word_1_322' title='bbox 286 3316 467 3377; x_wconf 88' lang='lat' dir='ltr'>bilius</span> <span class='ocrx_word' id='word_1_323' title='bbox 498 3316 560 3377; x_wconf 88' lang='lat' dir='ltr'>in</span> <span class='ocrx_word' id='word_1_324' title='bbox 592 3320 868 3380; x_wconf 90' lang='lat' dir='ltr'>oratione</span> <span class='ocrx_word' id='word_1_325' title='bbox 895 3327 1083 3393; x_wconf 91' lang='lat' dir='ltr'>atque</span> <span class='ocrx_word' id='word_1_326' title='bbox 1105 3315 1167 3377; x_wconf 91' lang='lat' dir='ltr'>in</span> <span class='ocrx_word' id='word_1_327' title='bbox 1196 3316 1446 3392; x_wconf 70' lang='lat' dir='ltr'>lingua?</span> <span class='ocrx_word' id='word_1_328' title='bbox 1484 3335 1645 3394; x_wconf 91' lang='lat' dir='ltr'>quae</span> <span class='ocrx_word' id='word_1_329' title='bbox 1670 3335 1858 3393; x_wconf 91' lang='lat' dir='ltr'>quum</span> <span class='ocrx_word' id='word_1_330' title='bbox 1881 3318 1942 3379; x_wconf 92' lang='lat' dir='ltr'>in</span> <span class='ocrx_word' id='word_1_331' title='bbox 1967 3318 2187 3381; x_wconf 91' lang='lat' dir='ltr'>iisdem</span> <span class='ocrx_word' id='word_1_332' title='bbox 2214 3337 2360 3381; x_wconf 89' lang='lat' dir='ltr'>sen-</span> 
     </span>
     <span class='ocr_line' id='line_1_38' title="bbox 286 3399 2357 3478; baseline 0.003 -20"><span class='ocrx_word' id='word_1_333' title='bbox 286 3399 489 3460; x_wconf 88' lang='lat' dir='ltr'>tentiis</span> <span class='ocrx_word' id='word_1_334' title='bbox 534 3402 865 3478; x_wconf 89' lang='lat' dir='ltr'>verbisque</span> <span class='ocrx_word' id='word_1_335' title='bbox 902 3409 1215 3474; x_wconf 90' lang='lat' dir='ltr'>versetur,</span> <span class='ocrx_word' id='word_1_336' title='bbox 1261 3419 1532 3462; x_wconf 88' lang='lat' dir='ltr'>summas</span> <span class='ocrx_word' id='word_1_337' title='bbox 1575 3402 1761 3463; x_wconf 86' lang='lat' dir='ltr'>habet</span> <span class='ocrx_word' id='word_1_338' title='bbox 1793 3401 2357 3474; x_wconf 57' lang='lat' dir='ltr'>dissimilitudinem</span> 
     </span>
     <span class='ocr_line' id='line_1_39' title="bbox 292 3482 2359 3562; baseline 0.003 -22"><span class='ocrx_word' id='word_1_339' title='bbox 292 3498 412 3541; x_wconf 90' lang='lat' dir='ltr'>non</span> <span class='ocrx_word' id='word_1_340' title='bbox 448 3482 569 3552; x_wconf 90' lang='lat' dir='ltr'>sic,</span> <span class='ocrx_word' id='word_1_341' title='bbox 603 3492 667 3545; x_wconf 90' lang='lat' dir='ltr'>ut</span> <span class='ocrx_word' id='word_1_342' title='bbox 694 3484 791 3545; x_wconf 91' lang='lat' dir='ltr'>alii</span> <span class='ocrx_word' id='word_1_343' title='bbox 823 3482 1206 3561; x_wconf 88' lang='lat' dir='ltr'>vituperandi</span> <span class='ocrx_word' id='word_1_344' title='bbox 1242 3484 1392 3556; x_wconf 90' lang='lat' dir='ltr'>sint,</span> <span class='ocrx_word' id='word_1_345' title='bbox 1427 3488 1540 3545; x_wconf 84' lang='lat' dir='ltr'>sed</span> <span class='ocrx_word' id='word_1_346' title='bbox 1567 3493 1634 3547; x_wconf 90' lang='lat' dir='ltr'>ut</span> <span class='ocrx_word' id='word_1_347' title='bbox 1655 3484 1728 3559; x_wconf 89' lang='lat' dir='ltr'>ii,</span> <span class='ocrx_word' id='word_1_348' title='bbox 1759 3503 1920 3562; x_wconf 91' lang='lat' dir='ltr'>quos</span> <span class='ocrx_word' id='word_1_349' title='bbox 1945 3495 2189 3548; x_wconf 87' lang='lat' dir='ltr'>constet</span> <span class='ocrx_word' id='word_1_350' title='bbox 2209 3503 2359 3549; x_wconf 82' lang='lat' dir='ltr'>csse</span> 
     </span>
    </p>
   </div>
  </div>
 </body>
</html>
