2622 3908
755 237 897 325 Llss.
942 237 1013 295 11.
1073 239 1238 297 CAP.
1290 251 1459 304 1—3.
1519 249 1570 310 §-
1614 249 1819 304 2—10.
1951 233 1962 237 ⁴
2248 241 2317 302 61

262 400 726 474 relinquendum
751 409 863 462 est.
917 403 976 462 6.
1012 403 1212 476 Quare
1237 404 1523 479 equidem
1568 415 1629 467 et
1656 406 1716 466 in
1746 414 1959 467 nostra
1992 406 2237 467 civitate
2267 417 2328 469 et

255 482 318 544 in
344 482 481 557 ipsa
507 483 779 554 Graecia,
814 497 976 559 quae
1006 503 1254 562 semper
1275 489 1429 548 haec
1458 506 1696 550 summa
1726 491 1916 562 duxit,
1945 493 2171 552 multos
2205 494 2334 554 elo-

257 576 521 644 quentes
553 575 613 627 et
643 584 865 644 magna
895 571 1075 631 laude
1110 570 1355 632 dicendi
1393 572 1528 633 sine
1560 590 1797 633 summa
1826 590 2026 634 rerum
2061 577 2325 636 omnium

273 657 523 719 scientia
553 656 745 717 fuisse
771 659 992 728 fateor3
1024 659 1204 717 talem
1226 673 1376 717 vero
1402 657 1706 718 exsistere
1725 657 2150 734 eloquentiam,
2187 675 2329 734 qua-

265 741 341 802 lis
381 739 493 801 fuit
535 740 595 800 in
633 740 856 800 Crasso
902 748 963 801 et
1002 740 1297 811 Antonin,
1344 757 1467 800 non
1512 739 1771 815 cognitis
1811 743 1996 801 rebus
2030 741 2330 814 omnibuS,

269 841 430 900 quae
472 824 552 883 ad
594 831 821 885 tantam
861 822 1247 898 prudentiam
1288 823 1661 898 pertinerent
1699 832 2052 898 tantamque
2092 823 2333 885 dicendi

267 906 541 983 copiam,
577 915 805 983 quanta
831 905 894 967 in
924 907 1044 967 illis
1075 906 1217 982 suit,
1253 924 1377 967 non
1406 906 1688 982 potuisse
1718 908 2033 968 confirmo.
2103 905 2159 969 7.
2205 908 2334 981 Quo

266 989 448 1053 etiam
494 989 613 1050 feci
645 988 961 1064 libentiuS,
1009 998 1076 1051 ut
1109 1007 1248 1051 eum
1278 1007 1654 1067 sermonem,
1699 1007 1880 1066 quem
1908 990 1993 1050 illi
2027 991 2335 1066 quondam

268 1077 425 1135 inter
467 1091 538 1134 se
579 1075 658 1134 de
699 1074 794 1135 his
823 1075 1010 1134 rebus
1041 1073 1431 1147 habuissent,
1477 1075 1825 1134 mandarem
1858 1073 2099 1146 litteris;
2144 1076 2333 1135 velut

270 1157 372 1220 illa
406 1156 616 1234 opinio
637 1203 652 1231 ,
682 1174 841 1232 quae
870 1173 1114 1232 semper
1146 1156 1398 1230 fuisset,
1429 1159 1771 1230 tolleretur,
1801 1159 2056 1218 alterum
2079 1174 2201 1218 non
2227 1158 2333 1217 do-

247 1239 639 1315 ctissimum,
684 1241 941 1301 alterum
985 1242 1167 1315 plane
1195 1239 1510 1301 indoctum
1541 1240 1764 1312 fuisse3
1808 1241 1909 1300 vel
1937 1249 2003 1301 ut
2033 1258 2135 1314 ea,
2179 1256 2335 1315 quae

271 1323 686 1386 existimarem
709 1342 745 1384 a
768 1323 1019 1385 summis
1044 1322 1389 1384 oratoribus
1413 1325 1490 1382 de
1514 1323 1864 1398 eloquentia
1886 1322 2176 1385 divinitus
2194 1340 2337 1384 esse

268 1407 463 1482 dicta,
508 1406 882 1469 custodirem
924 1406 1169 1479 litter1s,
1216 1405 1268 1468 si
1315 1407 1437 1468 ullo
1480 1408 1665 1468 modo
1698 1406 1958 1482 adsequi
1988 1405 2336 1483 complecti-

273 1508 395 1568 que
424 1493 798 1569 potuissem;
843 1492 944 1552 vel
984 1491 1332 1552 mehercule
1375 1491 1555 1552 etiam
1597 1499 1665 1552 ut
1705 1492 1948 1552 laudem
1978 1508 2191 1552 eorum
2217 1489 2336 1550 iam

271 1592 468 1652 prope
498 1584 951 1649 senescentem,
997 1584 1285 1650 quantum
1318 1591 1432 1651 ego
1464 1591 1744 1650 possem,
1784 1576 1861 1635 ab
1894 1575 2200 1636 oblivione
2229 1574 2331 1636 ho-

273 1658 500 1720 minum
539 1667 724 1734 atque
767 1675 805 1718 a
848 1658 1087 1719 silentio
1131 1657 1524 1720 vindicarem.
1596 1658 1657 1720 8.
1700 1660 1850 1719 Nam
1894 1658 1947 1719 si
1983 1676 2061 1719 ex
2094 1656 2338 1732 scriptis

273 1742 571 1818 cognosci
597 1740 719 1816 ipsi
751 1741 881 1803 suis
910 1740 1287 1817 potuissent,
1331 1742 1530 1804 minus
1574 1743 1693 1804 hoc
1728 1744 1994 1804 fortasse
2025 1739 2169 1802 mihi
2197 1757 2340 1801 esse

276 1835 590 1902 putassem
629 1826 1059 1897 laborandum3
1107 1827 1219 1887 sed
1262 1843 1449 1907 quum
1492 1828 1642 1886 alter
1679 1844 1803 1887 non
1847 1827 2128 1896 multum,
2174 1825 2339 1899 quod

276 1908 524 1987 quidem
553 1917 852 1983 exstaret,
895 1917 957 1970 et
999 1907 1063 1969 id
1097 1907 1301 1985 ipsum
1330 1910 1731 1984 adolescenS,
1775 1909 1926 1971 alter
1955 1908 2101 1969 nihil
2130 1907 2340 1968 admo-

274 1994 420 2056 dum
451 1991 663 2068 scripti
689 1991 1071 2068 reliquisset,
1115 1991 1327 2053 deberi
1361 1994 1478 2052 hoc
1506 2010 1545 2051 a
1574 2009 1671 2052 me
1700 1992 1883 2054 tantis
1913 1992 2224 2052 hominum
2251 1989 2341 2049 in-

276 2076 473 2153 geniis
506 2075 742 2152 putavi,
774 2085 863 2148 ut,
898 2092 1086 2151 quum
1107 2075 1288 2136 etiam
1310 2092 1473 2136 nunc
1497 2074 1701 2135 vivam
1723 2075 1962 2136 illorum
1986 2073 2340 2134 memoriam

276 2170 654 2234 teneremuS,
684 2161 843 2221 hanc
874 2158 1272 2221 immortalem
1300 2159 1651 2234 redderem,
1683 2159 1736 2219 si
1766 2175 2037 2235 possem.
2083 2157 2142 2219 9.
2167 2156 2342 2231 Quod

275 2244 396 2305 hoc
426 2243 607 2304 etiam
642 2260 756 2319 spe
784 2242 1110 2319 aggredior
1137 2242 1368 2304 maiore
1393 2245 1471 2303 ad
1497 2243 1882 2319 probandum
1901 2289 1916 2317 ,
1949 2241 2239 2318 quianon
2263 2242 2343 2301 de

279 2328 411 2389 Ser.
436 2327 666 2388 Galbae
694 2336 797 2388 aut
826 2328 888 2387 C.
914 2326 1209 2389 Carbonis
1239 2329 1590 2402 eloquentia
1620 2326 1823 2388 scribo
1848 2326 2097 2402 aliquid,
2129 2324 2190 2386 in
2218 2340 2340 2401 quo

279 2410 459 2471 liceat
488 2409 632 2471 mihi
661 2411 895 2486 fingere
926 2408 978 2470 si
1011 2412 1159 2486 quid
1187 2410 1371 2471 velim
1403 2412 1627 2484 nullius
1657 2410 1949 2471 memoria
1977 2409 2098 2471 iam
2128 2425 2226 2470 me
2248 2425 2340 2469 re-

279 2495 557 2564 fellente,
608 2495 720 2554 sed
764 2495 885 2554 edo
929 2494 1083 2554 haec
1118 2493 1193 2554 iis
1225 2495 1690 2569 cognoscenda,
1738 2492 1843 2569 qui
1871 2511 1982 2555 eos
2011 2493 2218 2570 ipSOS,
2264 2493 2342 2552 de

280 2575 506 2654 quibus
536 2577 785 2652 loquor,
834 2592 1023 2651 saepe
1053 2576 1402 2647 audierunt3
1450 2585 1515 2637 ut
1557 2579 1716 2638 duos
1748 2594 2020 2638 summos
2049 2577 2219 2638 viros
2247 2574 2342 2648 iis,

280 2658 387 2737 qui
417 2669 695 2720 neutrum
724 2661 965 2722 illorum
997 2658 1285 2732 viderint,
1334 2677 1574 2731 eorum,
1625 2659 1846 2735 quibus
1883 2661 2062 2721 ambo
2092 2658 2178 2720 illi
2208 2675 2341 2721 ora-

279 2754 446 2806 tores
491 2742 718 2819 cogniti
762 2741 912 2815 sint,
965 2741 1249 2804 vivorum
1300 2751 1363 2803 et
1402 2742 1818 2818 praesentium
1854 2741 2147 2803 memoria
2188 2749 2346 2802 teste

281 2827 799 2889 commendemus.
875 2828 974 2886 111.
1022 2825 1121 2889 10.
1164 2828 1289 2904 Nee
1318 2843 1466 2888 vero
1497 2836 1587 2899 te,
1618 2824 1932 2886 carissime
1956 2826 2142 2886 frater
2160 2832 2346 2898 atque

281 2909 540 2987 optime,
582 2907 903 2972 rhetoricis
934 2928 1097 2971 nunc
1128 2911 1497 2986 quibusdam
1527 2909 1729 2985 libris,
1773 2926 1933 2985 quos
1978 2917 2043 2971 tu
2070 2916 2345 2985 agrestes

284 3004 497 3070 putas,
528 2993 824 3069 insequor
851 3000 918 3053 ut
944 2993 1217 3055 erudiam
1244 3029 1330 3038 —
1360 2994 1508 3070 quid
1536 2991 1697 3055 enim
1717 3002 1821 3055 tua
1845 3001 2050 3069 potest
2074 2991 2348 3054 oratione

283 3085 387 3139 aut
416 3077 697 3138 subtilius
728 3087 833 3138 aut
861 3076 1133 3138 ornatius
1163 3085 1349 3138 esse?
1388 3111 1475 3126 —-
1518 3078 1631 3139 sed
1667 3077 1985 3153 quoniam,
2032 3075 2165 3137 sive
2193 3073 2344 3134 iudi·

285 3160 384 3221 cio
401 3207 417 3235 ,
446 3173 512 3222 ut
540 3162 708 3222 soles
739 3160 974 3235 dicere,
1006 3159 1168 3232 sive,
1196 3169 1264 3222 ut
1282 3160 1385 3221 ille
1417 3170 1587 3236 pater
1614 3156 2002 3236 eloquentiae
2026 3160 2104 3218 de
2128 3175 2197 3218 se
2219 3158 2344 3216 Iso·

287 3254 488 3306 crates
534 3242 781 3320 scripsit
808 3242 975 3319 ipse,
1018 3243 1256 3319 pudore
1289 3262 1328 3305 a
1358 3244 1619 3306 dicendo
1651 3253 1711 3305 et
1741 3242 2056 3305 timiditate
2084 3240 2347 3317 ingenua

289 3328 554 3402 quadam
596 3326 901 3402 refugisti,
948 3325 1112 3398 sive,
1153 3336 1221 3389 ut
1262 3326 1401 3403 ipse
1443 3327 1633 3389 iocari
1663 3328 1861 3399 soleS,
1905 3342 2091 3386 unum
2122 3320 2346 3400 putasti

288 3409 440 3471 satis
484 3427 627 3471 esse
670 3428 793 3470 non
823 3411 1006 3472 modo
1038 3408 1099 3471 in
1130 3428 1251 3471 una
1283 3410 1509 3471 familia
1537 3412 1870 3481 rhetorem,
1921 3408 2033 3469 sed
2061 3424 2260 3484 paene
2289 3405 2348 3468 in

289 3503 416 3555 tota
442 3492 714 3566 civitate,
744 3511 867 3554 non
895 3503 1092 3555 tamen
1125 3495 1383 3555 arbitror
1410 3493 1518 3554 tibi
1546 3494 1662 3553 hos
1690 3491 1878 3555 libros
1908 3490 1968 3553 in
1993 3509 2069 3554 eo
2094 3493 2226 3554 fore
2250 3506 2351 3563 ge-
