2622 3908
721 235 869 295 LIB.
902 237 973 294 ll.
1019 235 1186 295 CAP.
1218 245 1481 300 47—50.
1524 243 1577 304 S.
1612 246 1943 301 196—202.
2238 236 2359 298 105

286 387 713 449 ruisse.'1¹um
755 402 992 447 omnem
1029 382 1366 448 orationem
1399 387 1644 448 traduxi
1672 397 1732 449 et
1767 387 2042 449 converti
2073 388 2135 448 in
2166 387 2359 449 inere-

286 472 560 547 pandam
590 469 918 545 Caepionis
952 472 1052 546 su„
1020 487 1186 546 vam,
1217 470 1280 531 in
1314 472 1759 547 deplorandum
1797 470 2101 534 interitum
2126 469 2359 532 exerci-

287 563 414 616 tus.
476 553 577 614 Sic
608 562 668 615 et
699 570 912 614 eorum
938 555 1245 628 dolorem,
1288 554 1393 631 qui
1423 556 1710 631 lugebant
1741 571 1922 629 suoS,
1960 555 2234 617 oratione
2265 573 2359 616 re-

290 638 587 698 trieabam
635 646 695 698 et
742 635 981 698 animos
1024 638 1298 714 equitum
1330 640 1778 711 Romanorum,
1826 640 1994 714 apud
2039 656 2197 714 quos
2236 646 2356 700 tum

288 720 528 781 iudices
560 736 751 780 causa
778 721 1101 794 agebatur,
1135 724 1215 782 ad
1248 722 1316 796 Q.
1342 720 1668 797 Caepionis
1692 720 1932 791 odium,
1962 737 2001 780 a
2034 739 2157 796 quo
2191 731 2356 783 erant

278 802 402 877 ipsi
440 809 702 878 propter
741 801 969 863 iudicia
1019 800 1378 872 abalienati,
1428 798 1804 859 renovabam
1856 802 2067 870 [atque
2107 814 2358 858 revoca-

277 887 467 958 baml.
517 887 724 946 XLIX.
755 885 899 946 200.
939 887 1116 960 Quod
1156 883 1259 945 ubi
1289 882 1460 943 sensi
1490 898 1587 942 me
1619 882 1676 939 in
1712 880 2180 955 possessionem
2213 880 2360 941 iudi·

279 969 361 1029 cii
394 987 467 1029 ac
500 968 884 1030 defensionis
913 985 1088 1028 meae
1122 966 1508 1038 constitisse,
1544 966 1713 1039 quod
1753 972 1813 1024 et
1842 963 2058 1039 populi
2088 965 2358 1024 benevo-

279 1053 532 1113 lentiam
578 1052 724 1112 mihi
767 1051 1192 1124 conciliaram,
1237 1050 1413 1111 cuius
1452 1050 1631 1110 etiam
1665 1065 1917 1108 causam
1951 1046 2013 1107 in
2048 1046 2358 1108 seditiosis

283 1136 681 1198 contionibus
707 1137 1121 1208 defenderam,
1148 1142 1211 1195 et
1232 1134 1502 1194 iudicum
1532 1131 1773 1191 animos
1796 1138 1965 1192 totos
1994 1135 2092 1191 vel
2124 1131 2360 1190 calami-

278 1228 410 1280 tate
456 1221 719 1281 eivitatis
762 1223 863 1280 vel
894 1223 1064 1282 luctu
1092 1235 1167 1279 ac
1206 1216 1517 1279 desiderio
1563 1213 2051 1291 propinquorum
2087 1218 2183 1274 vel
2219 1215 2360 1275 odio

279 1304 540 1394 proprio
571 1304 632 1364 in
657 1305 1056 1394 Caepionem
1064 1303 1144 1362 ad
1168 1318 1419 1361 causam
1450 1305 1726 1360 nostram
1759 1306 2203 1367 converteram,
2230 1306 2356 1359 turr

278 1379 627 1442 admiscere
666 1379 808 1440 nuic
850 1379 1060 1456 generi
1100 1381 1394 1443 orationis
1427 1382 1774 1444 vehementi
1806 1391 1991 1458 atque
2023 1383 2215 1445 atroci
2245 1400 2339 1459 ge·

276 1482 399 1525 nus
446 1464 592 1524 illud
635 1465 920 1539 alterum,
965 1465 1044 1524 de
1074 1483 1196 1541 quo
1230 1476 1372 1527 ante
1402 1465 1741 1542 disputavi,
1792 1466 2056 1528 lenitatis
2089 1476 2149 1528 et
2183 1484 2346 1527 man-

276 1548 625 1610 suetudinis
678 1549 889 1625 coepi=
937 1565 1035 1609 me
1081 1567 1193 1626 pro
1227 1550 1626 1627 meo-sodali,
1679 1550 1784 1627 qui
1817 1550 2056 1611 mihim
2091 1551 2344 1612 liberum

277 1634 420 1692 loco
462 1648 633 1692 more
673 1631 970 1692 maiorum
1017 1649 1161 1694 esse
1205 1635 1483 1707 deberet,
1538 1643 1599 1695 et
1641 1651 1755 1710 pro
1797 1651 1936 1695 mea
1979 1634 2144 1696 omni
2191 1637 2344 1695 fama

275 1731 482 1791 prope
515 1714 900 1790 fortunisque
935 1717 1297 1790 decernere,
1354 1717 1503 1776 nihil
1546 1716 1692 1777 mihi
1722 1718 1803 1777 ad
1838 1716 2345 1779 existimationem

275 1798 552 1873 turpius,
583 1798 731 1858 nihil
761 1801 841 1859 ad
871 1800 1146 1861 dolorem
1182 1800 1465 1861 acerbius
1501 1800 1784 1860 accidere
1817 1817 2042 1875 posse,
2079 1817 2261 1874 quam
2294 1800 2348 1860 si

271 1882 367 1957 is,
399 1881 502 1958 qui
539 1899 729 1959 saepe
764 1882 1157 1945 alienissimis
1190 1901 1226 1943 a
1257 1901 1386 1958 me,
1419 1884 1532 1943 sed
1560 1882 1714 1943 meis
1746 1891 1945 1943 tamen
1977 1882 2215 1943 civibus
2249 1900 2345 1956 sa-

271 1966 390 2028 luti
422 1967 801 2028 existimarer
833 1967 1044 2042 fuisse,
1076 1968 1273 2029 sodali
1304 1985 1441 2028 meo
1467 1966 1758 2028 auxilium
1785 1968 1943 2028 ferre
1968 1984 2090 2027 non
2114 1967 2346 2042 potuis-

272 2068 431 2112 sem.
491 2050 637 2112 201.
668 2052 953 2112 Petebam
986 2069 1025 2112 a
1052 2051 1389 2124 iudicibuS,
1426 2059 1489 2111 ut
1520 2050 1670 2111 illud
1698 2050 1882 2111 aetati
1911 2067 2117 2124 meae,
2151 2059 2215 2111 ut
2237 2051 2347 2111 ho-

274 2133 561 2207 nuribus,
614 2143 678 2196 ut
719 2136 906 2196 rebus
949 2136 1172 2211 gestis,
1228 2134 1281 2196 si
1328 2134 1525 2209 iusto,
1584 2133 1638 2194 si
1681 2133 1784 2210 pio
1822 2135 2046 2195 dolore
2078 2150 2174 2194 me
2205 2151 2348 2195 esse

270 2218 587 2280 adfectum
623 2218 932 2292 viderent,
976 2220 1417 2292 concederent3
1462 2219 1820 2295 praesertim
1853 2217 1906 2279 si
1938 2217 1998 2277 in
2035 2217 2171 2279 aliis
2207 2236 2346 2279 cau-

273 2301 370 2362 sis
398 2300 846 2364 intellexissent
877 2302 1082 2364 omnia
1106 2321 1204 2364 me
1243 2320 1490 2378 semper
1516 2320 1630 2379 pro
1662 2302 1997 2364 amicorum
2036 2301 2348 2379 perieuliS,

269 2384 426 2445 nihil
457 2401 742 2461 umquam
773 2403 884 2461 pro
915 2403 1013 2448 me
1042 2386 1182 2462 ipso
1218 2390 1633 2462 deprecatum.
1695 2386 1798 2447 Sic
1829 2387 1890 2447 in
1921 2386 2024 2446 illa
2048 2387 2211 2448 omni
2240 2389 2345 2447 de·

271 2468 560 2530 sensione
590 2479 774 2544 atque
813 2487 1032 2545 causa,
1078 2472 1246 2546 quod
1277 2487 1420 2530 esse
1451 2469 1510 2529 in
1544 2479 1675 2531 arte
1704 2470 1971 2546 positum
2006 2470 2338 2545 videbatur,

269 2562 343 2613 ut
378 2552 455 2613 de
490 2555 626 2628 lege
655 2553 962 2629 Appuleia
996 2553 1283 2626 dicerem,
1310 2562 1378 2614 ut
1409 2555 1554 2627 quid
1578 2563 1747 2613 esset
1769 2554 2040 2615 minuere
2064 2554 2346 2616 maiesta-

270 2647 396 2698 tem
447 2638 849 2711 explicarem,
897 2654 1195 2713 perquam
1235 2635 1502 2698 breviter
1543 2635 1872 2711 perstrinxi
1921 2646 2108 2712 atque
2157 2638 2347 2713 attigi.

266 2719 386 2780 His
419 2722 656 2782 duabus
688 2720 964 2796 partibus
997 2720 1320 2794 orationiS,
1368 2737 1625 2795 quarum
1655 2721 1844 2779 altera
1869 2721 2345 2781 commendatio—

271 2821 415 2864 nem
456 2805 669 2880 habet,
713 2805 904 2865 altera
949 2803 1451 2877 concitationem,
1505 2818 1665 2879 quae
1705 2802 1952 2863 minime
1993 2802 2346 2878 praeceptis

268 2886 491 2948 artium
532 2897 674 2950 sunt
716 2887 1084 2965 perpolitae,
1126 2887 1327 2950 omnis
1365 2896 1462 2949 est
1499 2906 1537 2948 a
1574 2905 1673 2948 me
1714 2885 1819 2946 illa
1848 2904 2039 2948 causa
2071 2895 2346 2962 tractata,

269 2980 342 3032 ut
387 2979 447 3031 et
488 2972 825 3033 acerrimus
867 2972 929 3032 in
962 2971 1287 3047 Caepionis
1332 2971 1563 3032 invidia
1594 2972 1956 3033 renovanda
1995 2981 2057 3033 et
2095 2971 2155 3032 in
2193 2973 2346 3032 meis

266 3053 548 3115 moribus
591 3073 738 3131 erga
765 3073 939 3118 meos
970 3055 1361 3116 necessarios
1393 3054 1777 3117 declarandis
1812 3055 2346 3117 mansuetissimus

268 3136 535 3199 viderer.
595 3141 682 3200 lta
717 3139 913 3215 magis
949 3139 1208 3201 adfectis
1244 3139 1464 3201 animis
1495 3138 1765 3201 iudicum
1796 3157 1979 3215 quam
2003 3138 2202 3199 doctis
2223 3145 2346 3212 tua,

268 3221 539 3296 Sulpici,
584 3234 680 3283 est
707 3240 746 3283 a
775 3223 953 3285 nobis
985 3233 1107 3284 tum
1143 3223 1456 3284 accusatio
1491 3223 1671 3285 victa.
1756 3223 1825 3282 L.
1872 3220 2014 3282 202.
2060 3220 2172 3280 Hic
2209 3221 2347 3282 Sul-

261 3305 496 3380 picius:
541 3308 705 3366 Vere
736 3306 962 3375 hercle,
999 3305 1210 3379 inquit,
1246 3304 1497 3374 Antoni,
1529 3304 1649 3365 ista
1680 3319 2151 3365 commemoras·
2200 3307 2349 3366 Nam

262 3405 384 3463 ego
413 3389 555 3448 nihil
581 3407 873 3464 umquam
900 3390 1041 3461 vidi,
1069 3389 1238 3464 quod
1257 3397 1382 3449 tam
1406 3405 1440 3448 e
1466 3387 1747 3448 manibus
1773 3388 2140 3463 elaberetur,
2169 3408 2349 3465 quam

264 3471 408 3532 mihi
450 3481 577 3532 tum
626 3483 719 3534 est
760 3476 972 3548 elapsa
1014 3473 1118 3534 illa
1159 3472 1297 3548 ipsa
1330 3489 1539 3533 causa.
1607 3473 1803 3546 Quum
1846 3470 2006 3532 enim
2063 3477 2342 3549 quemad-
