2622 3908
278 258 317 316 4
1054 249 1154 307 DE
1199 248 1564 308 ORATORE

274 401 363 462 rio
397 400 663 463 omnium
691 399 958 476 gentium
991 399 1318 460 constituto
1359 397 1719 460 diuturnitas
1758 397 1934 474 pacis
1977 397 2167 460 otium
2206 416 2345 460 con-

274 484 566 559 firmavit,
608 501 787 546 nemo
831 485 959 544 fere
1001 483 1201 544 laudis
1246 481 1509 558 cupidus
1551 483 1922 543 adolescens
1966 498 2091 542 non
2127 482 2244 542 sibi
2274 483 2350 543 ad

275 569 601 629 dicendum
631 567 834 629 studio
868 567 1030 628 omni
1059 567 1411 628 enitendum
1442 565 1692 643 putavit.
1752 569 1845 626 Ac
1875 565 2071 640 primo
2105 565 2351 641 quidem

276 653 458 713 totius
496 651 747 713 rationis
793 650 1015 727 ignari,
1077 649 1180 726 qui
1224 667 1428 725 neque
1470 648 1927 711 exercitationis
1965 651 2150 710 ullam
2190 648 2353 709 viam

275 753 479 811 neque
523 735 773 811 aliquod
815 743 1210 810 praeceptum
1243 733 1390 795 artis
1422 751 1564 795 esse
1594 732 2055 806 arbitrarentur,
2101 742 2351 807 tantum,

275 827 568 896 quantum
617 819 863 895 ingenio
915 825 977 879 et
1017 817 1387 893 cogitatione
1427 825 1738 894 poterant,
1796 818 2361 893 consequebantur:

277 913 424 980 post
448 913 647 964 autem
677 902 900 964 auditis
931 901 1276 962 oratoribus
1309 901 1559 962 Graecis
1601 899 1989 975 cognitisque
2018 917 2232 961 eorum
2260 901 2355 961 lit-

274 986 420 1049 teris
463 986 878 1061 adhibitisque
919 985 1274 1046 doctoribus
1317 984 1655 1045 incredibili
1702 985 1968 1059 quodam
2012 985 2204 1044 nostri
2243 985 2349 1045 ho-

275 1071 469 1131 mines
502 1069 746 1131 dicendi
776 1068 978 1131 studio
1009 1068 1440 1143 flagraverunt.
1499 1066 1599 1130 15.
1633 1068 1954 1129 Excitabat
1981 1085 2092 1129 eos
2122 1068 2350 1144 magni-

277 1155 422 1216 tudo
465 1171 538 1214 ac
582 1152 844 1215 varietas
875 1151 1319 1228 multitudoque
1348 1152 1407 1213 in
1444 1151 1607 1214 omni
1635 1168 1862 1226 genere
1892 1167 2244 1224 causarum,
2289 1162 2350 1212 ut

275 1239 355 1298 ad
383 1255 517 1298 eam
550 1237 918 1309 doctrinam,
961 1253 1144 1312 quam
1188 1253 1302 1309 suo
1348 1235 1613 1312 quisque
1656 1235 1859 1297 studio
1891 1237 2225 1296 adsecutus
2256 1253 2348 1297 es-

275 1330 398 1394 set,
442 1321 874 1396 adiungeretur
916 1338 1067 1381 usus
1110 1322 1432 1396 frequenS,
1480 1319 1585 1395 qui
1627 1319 1897 1380 omnium
1926 1319 2350 1395 magistrorum

276 1415 605 1481 praecepta
635 1413 971 1480 superaret.
1028 1405 1212 1464 Erant
1239 1413 1442 1470 autem
1470 1403 1612 1464 huic
1642 1402 1846 1464 studio
1878 1405 2161 1477 maxima,
2195 1419 2350 1478 quae

276 1503 439 1548 nunc
483 1505 732 1563 quoque
778 1495 948 1560 sunt,
991 1486 1277 1562 exposita
1315 1486 1587 1562 praemia
1628 1488 1727 1548 vel
1753 1488 1834 1547 ad
1863 1486 2117 1562 gratiam
2146 1489 2244 1546 vel
2274 1487 2354 1545 ad

277 1588 432 1646 opes
472 1574 573 1631 vel
615 1572 695 1631 ad
726 1570 1094 1645 dignitatem.
1156 1571 1407 1647 Ingenia
1442 1587 1620 1643 vero,
1662 1580 1731 1631 ut
1757 1570 1961 1632 multis
1990 1572 2177 1631 rebus
2208 1586 2355 1645 pos-

278 1672 490 1716 sumus
519 1654 822 1728 iudicare,
865 1663 1211 1715 nostrorum
1248 1653 1562 1715 hominum
1592 1655 1843 1715 multum
1863 1654 2132 1733 ,caeteris
2161 1652 2353 1714 homi·

279 1739 457 1800 nibus
501 1738 768 1799 omnium
813 1737 1083 1813 gentium
1124 1737 1574 1813 praestiterunt.
1666 1736 1764 1799 16.
1827 1738 2059 1812 Quibus
2103 1739 2180 1798 de
2211 1754 2357 1798 cau-

278 1822 364 1883 sis
396 1821 535 1898 quis
568 1840 690 1882 non
721 1822 850 1882 iure
879 1822 1129 1882 miretur
1157 1839 1235 1882 ex
1267 1822 1432 1882 omni
1462 1821 1753 1883 memoria
1781 1831 2076 1895 aetatum,
2121 1831 2353 1896 tempo·

278 1920 437 1983 rum,
477 1905 787 1968 civitatum
816 1914 939 1967 tam
968 1905 1256 1983 exiguum
1286 1916 1594 1969 oratorum
1624 1923 1940 1968 numerum
1969 1905 2272 1967 inveniri?

445 1991 569 2051 Sed
603 1991 762 2053 enim
793 1991 989 2052 maius
1021 2001 1116 2052 est
1157 1993 1275 2053 hoc
1307 1990 1631 2067 quiddam,
1676 2008 1857 2067 quam
1871 1980 2180 2051 ”homines
2224 1988 2344 2065 opi-

278 2084 513 2148 nantur,
544 2085 604 2137 et
633 2074 910 2151 pluribus
943 2092 1022 2135 ex
1052 2075 1282 2137 artibus
1315 2075 1658 2151 studiisque
1688 2076 2027 2136 collectum.
2086 2078 2162 2133 V.
2201 2072 2351 2148 Quid

277 2158 436 2220 enim
481 2159 618 2234 quis
659 2159 824 2220 aliud
868 2158 930 2218 in
971 2158 1235 2219 maxima
1264 2158 1631 2221 discentium
1659 2158 2066 2231 multitudine,
2120 2174 2357 2218 summa

278 2242 702 2316 magistrorum
740 2240 952 2317 copia,
994 2242 1539 2318 praestantissimis
1581 2241 1891 2303 hominum
1930 2241 2221 2318 ingeniis,
2265 2241 2355 2302 in-

278 2324 446 2385 finita
475 2335 802 2386 causarum
829 2325 1152 2399 varietate,
1180 2326 1575 2403 amplissimis
1605 2326 1993 2403 eloquentiae
2020 2324 2354 2403 propositis

277 2406 564 2485 praemiis
605 2426 749 2470 csse
790 2426 1017 2470 causae
1058 2420 1256 2485 putet,
1303 2410 1423 2471 nisi
1460 2411 1550 2471 rei
1582 2412 1907 2487 quamdam
1941 2408 2354 2471 incredibilem

277 2491 758 2566 magnitudinem
798 2510 871 2553 ac
917 2492 1379 2556 difficultatem?
1480 2493 1579 2558 17.
1635 2493 1745 2556 Est
1794 2493 1956 2555 enim
1999 2504 2059 2555 et
2102 2492 2356 2555 scientia

278 2576 858 2651 comprehendenda
885 2592 1088 2637 rerum
1118 2578 1543 2654 plurimarum,
1578 2578 1710 2640 sine
1741 2596 1862 2653 qua
1893 2580 2219 2639 verborum
2247 2594 2354 2638 vo-

278 2659 542 2721 lubilitas
566 2660 765 2721 inanis
789 2669 974 2737 atque
996 2660 1305 2723 irridenda
1321 2672 1434 2737 est,
1457 2672 1518 2723 et
1538 2662 1677 2739 ipsa
1699 2662 1891 2723 oratio
1915 2660 2355 2723 conformanda

278 2761 399 2805 non
445 2747 645 2805 solum
681 2745 1010 2818 electione,
1058 2747 1173 2806 sed
1201 2746 1381 2808 etiam
1413 2744 1867 2808 constructione
1894 2748 2254 2818 verborum,
2298 2754 2357 2804 et

278 2845 491 2889 omnes
523 2828 862 2891 animorum
892 2839 1112 2903 motuS,
1144 2847 1302 2906 quos
1333 2829 1646 2892 hominum
1672 2829 1883 2905 generi
1910 2847 2114 2892 rerum
2144 2838 2358 2889 natura

280 2911 512 2984 tribuit,
591 2912 839 2987 penitus
880 2915 1321 2990 pernoscendi,
1369 2915 1537 2990 quod
1578 2913 1777 2975 omnis
1816 2914 1914 2975 vis
1955 2913 2238 2990 ratioque
2268 2911 2357 2971 di·

277 2994 457 3055 cendi
487 2995 548 3055 in
577 3013 820 3070 eorum,
869 2996 973 3072 qui
1001 2997 1283 3071 audiunt,
1329 2997 1633 3059 mentibus
1663 3007 1767 3059 aut
1796 2997 2090 3059 sedandis
2119 3005 2224 3058 aut
2251 3012 2357 3055 ex-

279 3078 538 3139 citandis
568 3082 990 3156 expromenda
1018 3091 1130 3142 est.
1191 3082 1468 3142 Accedat
1497 3084 1717 3143 eodem
1745 3090 1988 3157 oportet
2016 3083 2193 3155 lepos
2225 3076 2357 3154 qui-

279 3164 420 3223 dam
450 3162 833 3240 facetiaeque
860 3173 921 3225 et
963 3164 1220 3226 eruditio
1255 3164 1446 3226 libero
1484 3167 1668 3241 digna
1695 3164 2105 3240 celeritasque
2133 3170 2195 3223 et
2222 3163 2357 3222 bre-

278 3246 437 3307 vitas
467 3258 529 3309 et
555 3246 979 3325 respondendi
1009 3256 1070 3308 et
1099 3248 1444 3310 lacessendi
1475 3249 1681 3311 subtili
1705 3258 2027 3310 venustate
2050 3256 2237 3322 atque
2264 3262 2356 3305 ur-

280 3328 544 3391 banitate
574 3332 918 3392 coniuncta.
1009 3329 1106 3393 18.
1151 3334 1438 3392 Tenenda
1481 3341 1801 3409 praeterea
1840 3337 1939 3396 est
1976 3329 2175 3392 omnis
2207 3327 2353 3391 anti·

282 3411 480 3487 quitas
510 3416 1053 3490 exemplorumque
1082 3413 1210 3488 vis,
1257 3433 1459 3491 neque
1503 3420 1702 3491 legum
1734 3432 1806 3475 ac
1835 3414 1986 3476 iuris
2016 3413 2215 3476 civilis
2241 3410 2357 3474 sci-

280 3493 441 3555 entia
480 3495 844 3568 negligenda
886 3507 997 3558 est.
1056 3499 1207 3558 Nam
1252 3499 1399 3573 quid
1441 3516 1555 3573 ego
1603 3501 1680 3558 de
1721 3497 1963 3561 actione
2003 3498 2143 3576 ipsa
2186 3499 2356 3573 plura
