2622 3908
640 238 786 297 LIB.
816 239 889 297 11.
926 239 1027 298 111.
1072 240 1233 298 CAP.
1264 248 1495 301 90—2.
1540 247 1592 306 S.
1623 248 1886 303 366—5.
2171 242 2288 302 145

227 390 350 451 hoc
380 398 441 449 et
471 386 790 464 superiore
819 387 972 448 libro
1005 387 1364 450 continetur.
1427 389 1486 450 2.
1532 389 1610 450 Ut
1643 389 1802 450 enim
1830 391 2084 451 Romam
2113 389 2290 452 rediit

226 481 500 535 extremo
547 472 829 532 ludorum
869 471 1294 532 scaenicorum
1337 473 1434 532 die
1451 517 1466 546 ,
1514 473 1904 533 vehementer
1949 482 2289 534 commotus

226 554 506 617 oratione
549 571 652 626 ea,
704 571 863 628 quae
905 555 984 614 fei
999 555 1211 615 ebatur
1252 553 1456 616 habita
1497 572 1639 616 esse
1681 556 1742 615 in
1779 555 2063 616 contione
2091 572 2129 614 a
2156 556 2275 616 Phi-

226 638 431 715 lippo,
496 653 677 714 quem
742 638 975 697 dixisse
1037 638 1357 698 constabat
1425 637 1835 698 videndum
1905 638 2057 698 sibi
2111 654 2289 700 esse

225 721 445 781 aliud
475 718 924 789 consilium3
956 718 1095 779 illo
1130 729 1403 781 senatu
1450 737 1528 780 se
1556 737 1706 781 rem
1739 720 2135 795 publicam
2162 737 2287 796 ge·

224 821 398 864 rere
442 821 532 864 no
551 821 590 861 n
634 820 672 877 p
692 818 772 863 os
790 816 901 862 se:
942 819 1123 863 mane
1154 802 1362 864 Idibus
1392 803 1850 878 Septembribus
1887 812 1948 864 et
1975 802 2076 862 ille
2104 812 2165 864 et
2193 821 2287 864 se·

226 895 409 947 natus
443 888 732 960 frequens
763 893 984 945 vocatu
1018 884 1194 946 Drusi
1232 885 1293 945 in
1321 886 1550 947 curiam
1573 886 1754 948 venit.
1817 885 1906 946 Ibi
1931 903 2115 960 quum
2138 887 2283 946 Dru-

229 986 339 1030 sus
370 971 556 1030 multa
585 969 662 1027 de
690 966 970 1042 Philippo
1012 978 1266 1042 questus
1301 976 1498 1042 esset,
1544 968 1770 1031 rettulit
1797 970 1877 1029 ad
1905 977 2181 1029 senatum
2212 970 2288 1028 de

226 1053 333 1112 illo
363 1051 536 1126 ipso,
580 1051 748 1126 quod
788 1049 851 1109 in
888 1068 1027 1112 eum
1060 1051 1334 1111 ordinem
1364 1055 1579 1113 consul
1608 1061 1730 1113 tam
1757 1050 2020 1127 graviter
2049 1050 2111 1110 in
2143 1067 2284 1112 eon·

230 1135 396 1197 tione
428 1142 595 1195 esset
623 1133 923 1193 invectus.
981 1134 1042 1195 3.
1087 1133 1217 1205 Hic,
1249 1145 1316 1194 ut
1345 1151 1534 1210 saepe
1563 1134 1718 1196 inter
1746 1134 2025 1198 homines
2049 1133 2286 1209 sapien·-

227 1216 504 1279 tissimos
533 1223 814 1277 constare
841 1215 1001 1290 vidi,
1036 1233 1401 1292 quamquam
1423 1218 1542 1277 hoc
1567 1219 1820 1291 Crasso,
1855 1235 2039 1294 quum
2061 1216 2287 1291 aliquid

225 1299 572 1360 accuratius
614 1297 904 1371 dixisset,
967 1315 1210 1375 semper
1252 1301 1379 1360 fere
1419 1300 1807 1376 contigisset,
1848 1309 1916 1362 ut
1961 1317 2286 1374 numquam

225 1382 465 1443 dixisse
502 1381 719 1442 melius
759 1390 1101 1457 putaretur,
1144 1391 1344 1442 tamen
1389 1383 1655 1444 omnium
1683 1400 1992 1445 consensu
2027 1382 2118 1443 sic
2147 1399 2286 1444 esse

226 1465 590 1536 iudicatum,
624 1473 903 1525 caeteros
938 1483 975 1525 a
1005 1467 1227 1526 Crasso
1259 1483 1504 1542 semper
1533 1484 1777 1539 omneS‚
1819 1468 1920 1527 illo
1956 1476 2159 1527 autem
2189 1465 2288 1526 die

227 1548 411 1610 etiam
444 1547 647 1623 ipsum
677 1565 715 1607 a
745 1564 814 1607 se
849 1558 1216 1627 superatum.
1281 1549 1635 1626 Deploravit
1674 1550 1836 1611 enim
1866 1567 2077 1611 casum
2106 1559 2288 1625 atque

228 1631 545 1693 orbitatem
577 1638 827 1691 senatus
849 1677 864 1705 ,
896 1631 1070 1693 cuius
1100 1630 1331 1692 ordinis
1359 1650 1397 1692 a
1419 1636 1704 1709 consule,
1736 1633 1841 1709 qui
1865 1632 2043 1709 quasi
2066 1649 2285 1707 parens

229 1716 430 1775 bonus
460 1722 565 1774 aut
589 1722 752 1775 tutor
782 1713 983 1776 fidelis
1011 1731 1154 1775 esse
1184 1715 1464 1791 deberet,
1503 1726 1811 1791 tamquam
1846 1717 1924 1776 ab
1952 1717 2159 1789 aliquo
2186 1731 2283 1773 ne·

227 1796 385 1858 fario
440 1797 754 1872 praedone
814 1796 1175 1872 diriperetur
1226 1798 1650 1871 patrimonium
1699 1797 2037 1873 dignitatis;
2089 1812 2286 1870 neque

225 1897 378 1940 vero
418 1896 559 1939 esse
599 1880 959 1949 mirandum,
1005 1879 1085 1950 si,
1119 1897 1306 1953 quum
1336 1879 1465 1943 suis
1497 1878 1768 1940 consiliis
1807 1897 1934 1939 rem
1985 1877 2287 1952 publicam

226 1961 652 2039 profligasset,
694 1979 812 2023 con
823 1962 1021 2024 silium
1066 1973 1314 2024 senatus
1357 1981 1394 2024 a
1427 1980 1493 2024 re
1523 1962 1768 2039 publica
1797 1962 2160 2038 repudiaret.
2228 1961 2269 2026 4

226 2045 343 2106 Hic
369 2062 572 2126 ‚quum
612 2043 839 2105 homini
886 2055 945 2106 et
983 2045 1327 2107 vehementi
1368 2055 1429 2107 et
1468 2046 1697 2107 diserto
1730 2057 1790 2107 et
1816 2045 1877 2106 in
1908 2044 2123 2120 primis
2153 2037 2294 2104 forti

227 2129 306 2188 ad
351 2126 785 2202 resistendum,
847 2129 1127 2205 Philippo
1144 2175 1159 2202 ,
1202 2128 1381 2205 quasi
1425 2130 1723 2204 quasdam
1761 2129 2085 2189 verborum
2122 2127 2286 2186 faces

229 2210 639 2284 admovisset,
679 2228 801 2270 non
851 2213 984 2273 tulit
1022 2212 1122 2272 ille
1164 2220 1225 2273 et
1257 2212 1521 2287 graviter
1550 2211 1778 2273 exarsit
1807 2208 2288 2288 pignoribusque

232 2292 449 2352 ablatis
483 2294 766 2354 Crassum
802 2293 1058 2356 instituit
1084 2299 1391 2357 coercere.
1454 2296 1585 2370 Quo
1617 2295 1862 2372 quidem
1892 2294 2030 2369 ipso
2060 2294 2120 2351 in
2150 2293 2287 2351 loco

229 2376 475 2435 multaa
492 2376 713 2438 Crasso
744 2382 1021 2443 divinitus
1053 2378 1214 2438 dicta
1230 2393 1373 2436 esse
1396 2379 1761 2448 ferebantur,
1779 2396 1963 2453 quum
1991 2376 2105 2436 sibi
2124 2374 2299 2437 illum

226 2461 546 2523 consulem
582 2477 724 2521 esse
755 2470 1042 2535 negaret,
1077 2461 1175 2519 cui
1210 2470 1457 2521 senator
1484 2462 1620 2536 ipse
1642 2478 1765 2522 non
1788 2469 1973 2536 esset.
2029 2461 2140 2520 An
2183 2467 2287 2533 tu,

228 2560 454 2622 quum
499 2559 788 2603 omnem
836 2541 1388 2603 auctoritatem
1432 2543 1785 2604 universi
1820 2541 2123 2605 ordinis
2155 2559 2291 2618 pro

230 2628 557 2703 pignore
586 2625 904 2701 putaris
935 2640 1254 2699 eamque
1282 2626 1359 2685 in
1392 2636 1827 2701 conspectu
1856 2625 2288 2700 populiRo-

229 2708 432 2769 mani
483 2708 973 2779 concideris,
1032 2723 1141 2766 me
1193 2706 1308 2768 his
1361 2706 1775 2768 existimas
1828 2705 2286 2782 pignoribus

231 2790 566 2854 terreri?
626 2792 781 2851 Non
814 2790 964 2852 tibi
1006 2790 1143 2849 illa
1187 2798 1365 2852 sunt
1401 2791 1828 2860 caedenda,
1875 2788 1938 2848 si
1967 2789 2031 2846 L.
2067 2787 2285 2847 Cras·

231 2892 391 2936 sum
446 2874 568 2933 vis
621 2876 1027 2935 coercere:
1081 2873 1268 2933 haec
1316 2871 1460 2934 tibi
1499 2882 1620 2935 est
1661 2872 2098 2934 excidenda
2147 2869 2285 2931 lin-

229 2974 406 3034 gua,
458 2973 604 3032 qua
643 2958 767 3017 vel
810 2973 894 3017 ev
918 2958 1090 3017 ulsa
1130 2956 1417 3031 spiritu
1457 2955 1627 3031 ipso
1658 2954 2066 3017 libidinem
2096 2966 2289 3017 tuam

229 3040 564 3101 libertas
605 3056 767 3099 mea
811 3038 1215 3100 refutabit.
1279 3041 1351 3099 11.
1394 3037 1452 3101 5.
1496 3041 1794 3102 Permulta
1822 3049 1944 3101 tuin
1970 3039 2285 3099 vehemen-

233 3122 470 3185 tissima
512 3121 902 3184 contentione
938 3121 1151 3196 animi,
1192 3121 1452 3198 ingenii,
1496 3124 1710 3185 virium
1748 3125 1825 3184 ab
1855 3139 1930 3183 eo
1964 3122 2123 3182 dicta
2153 3138 2289 3181 esse

233 3207 556 3268 constabat
590 3214 945 3266 sententiam
959 3222 1077 3280 que
1108 3222 1271 3280 eam,
1305 3223 1485 3281 quam
1517 3216 1765 3268 senatus
1797 3208 2087 3280 frequens
2119 3221 2286 3265 secu-

234 3300 334 3351 tus
366 3288 896 3359 est,ornatissimis
933 3297 995 3349 et
1021 3287 1400 3363 gravissimis
1430 3291 1655 3367 verbiS,
1717 3298 1798 3351 ut
1826 3305 1863 3362 p
1883 3304 1974 3361 op
1993 3288 2118 3347 ulo
2147 3289 2251 3348 Ro
2271 3320 2288 3328 -

233 3389 452 3433 mano
496 3371 697 3432 satis
733 3370 883 3432 fier
906 3381 1008 3444 et,
1041 3388 1442 3447 numquam
1482 3385 1799 3433 senatus
1833 3388 2081 3445 neque
2111 3387 2288 3432 con-

233 3456 494 3518 silium
535 3454 650 3514 rei
699 3453 913 3530 publi
937 3470 1071 3515 cae
1113 3471 1364 3530 neque
1406 3456 1634 3516 fidem
1678 3452 2062 3524 defuisse,
2102 3454 2180 3515 ab
2222 3472 2295 3515 eo

318 3556 431 3597 c1c.
459 3539 506 3597 Ι.
536 3547 588 3598 2.
1820 3549 1883 3596 lo
