2622 3908
357 273 430 336 18
1118 273 1217 333 DE
1266 271 1629 336 ORATORE

352 425 714 488 sententiam
748 442 954 496 suam;
991 424 1091 485 hic
1121 425 1283 486 enim
1311 442 1448 486 mos
1480 435 1610 486 erat
1637 424 1872 500 patrius
1901 425 2276 486 Academiae
2313 428 2415 488 ad-

357 509 585 571 versari
615 525 860 585 semper
888 508 1171 570 omnibus
1213 507 1275 568 in
1321 508 1723 584 disputand03
1771 510 1883 570 sed
1927 527 2115 584 quum
2158 509 2419 571 maxime

352 603 549 655 tamen
592 593 711 653 hoc
755 591 1165 667 significabat,
1208 609 1352 666 eoS,
1398 594 1501 667 qui
1543 593 1824 653 rhetores
1863 593 2321 654 nominarentur
2362 602 2420 656 et

354 676 458 752 qui
502 675 745 737 dicendi
789 685 1120 751 praecepta
1176 677 1511 749 traderent,
1553 675 1702 735 nihil
1742 677 1926 752 plane
1969 686 2176 737 tenere
2217 694 2420 752 neque

355 777 545 836 posse
576 776 946 835 quemquam
976 759 1323 820 facultatem
1353 758 1615 834 adsequi
1646 758 1909 834 dicendi,
1941 759 2059 820 nisi
2090 760 2195 835 qui
2224 761 2414 836 philo-

355 844 688 920 sophorum
719 842 967 904 inventa
997 841 1335 902 didicisset.
1369 883 1378 887 >
1416 843 1572 902 XIX.
1615 840 1717 905 85.
1775 843 2181 919 Disputabant
2208 854 2421 905 contra

351 925 561 987 diserti
589 926 871 987 homines
900 923 1311 986 Athenienses
1356 935 1418 986 et
1454 925 1516 984 in
1547 943 1615 986 re
1645 927 1892 1000 publica
1921 927 2253 1003 causisque
2282 946 2414 988 ver-

351 1010 496 1086 sati,
526 1009 588 1069 in
621 1010 760 1085 quis
792 1018 922 1069 erat
950 1008 1132 1069 etiam
1160 1007 1246 1083 is,
1290 1008 1396 1084 qui
1437 1025 1635 1084 nuper
1673 1012 1907 1071 Romae
1950 1010 2089 1085 fuit,
2130 1011 2418 1072 Menede-

346 1110 512 1167 mus,
546 1093 779 1168 hospes
806 1109 1001 1153 meus,
1089 1091 1201 1166 Qui
1242 1110 1428 1167 quum
1471 1092 1701 1154 diceret
1742 1109 1885 1154 esse
1916 1097 2239 1171 quamdam
2274 1111 2421 1170 pru-

349 1177 644 1249 dentiam,
679 1193 838 1251 quae
866 1184 1218 1236 versaretur
1243 1175 1305 1236 in
1336 1175 1789 1252 perspiciendis
1818 1178 2157 1240 rationibus
2189 1178 2416 1239 consti·

346 1262 710 1321 tuendarum
739 1268 799 1321 et
825 1260 1230 1335 regendarum
1251 1276 1453 1320 rerum
1478 1262 1876 1335 publicarum,
1911 1260 2289 1323 excitabatur
2309 1263 2417 1322 ho-

348 1361 447 1405 mo
480 1353 803 1419 promptus
833 1344 910 1403 ab
952 1341 1198 1403 homine
1238 1343 1571 1406 abundanti
1613 1343 1890 1406 doctrina
1931 1355 1993 1408 et
2034 1346 2298 1420 quadam
2329 1344 2417 1405 in-

349 1427 620 1487 credibili
650 1425 941 1487 varietate
968 1442 1172 1486 rerum
1201 1435 1386 1502 atque
1417 1427 1617 1503 copia.
1671 1429 1895 1489 Omnes
1921 1428 2080 1489 enim
2110 1439 2318 1504 partes
2351 1430 2418 1488 il-

347 1508 464 1571 lius
496 1509 695 1586 ipsius
726 1509 1086 1585 prudentiae
1116 1512 1414 1585 petendas
1459 1527 1601 1572 esse
1643 1529 1681 1571 a
1724 1512 2117 1588 philosophia
2158 1513 2420 1573 docebat

347 1610 550 1668 neque
578 1610 682 1665 ea,
715 1609 875 1669 quae
905 1601 1310 1655 statuerentur
1339 1593 1399 1654 in
1424 1604 1497 1655 re
1527 1594 1773 1669 publica
1812 1597 1890 1656 de
1933 1596 2027 1656 dis
2070 1593 2393 1655 immortali

346 1678 493 1750 bus,
534 1678 611 1736 de
658 1675 985 1751 disciplina
1030 1675 1392 1750 iuventutis,
1438 1679 1516 1739 de
1558 1678 1814 1753 iustitia,
1857 1681 1934 1739 de
1975 1677 2297 1753 patientia,
2339 1679 2417 1737 do

346 1758 774 1836 temperantia,
808 1760 886 1819 de
915 1761 1100 1821 modo
1130 1776 1329 1822 rerum
1362 1761 1660 1837 omnium,
1690 1772 2084 1837 caeteraque,
2120 1761 2253 1822 sine
2285 1759 2416 1836 qui-

345 1845 463 1904 bus
497 1842 776 1905 civitates
805 1852 909 1904 aut
938 1859 1080 1905 esse
1122 1853 1227 1905 aut
1265 1846 1426 1906 bene
1467 1854 1736 1908 moratae
1782 1862 1925 1906 esse
1967 1862 2090 1906 non
2136 1853 2415 1921 possent,

345 1945 609 2003 usquam
637 1926 698 1988 in
729 1944 940 1990 eorum
980 1926 1240 1990 inveniri
1267 1928 1509 1991 libellis.
1607 1928 1707 1992 86.
1754 1928 1986 2004 Quodsi
2025 1936 2253 1991 tantam
2293 1927 2417 1989 vim

344 2029 548 2074 rerum
575 2011 973 2073 maximarum
1001 2021 1130 2074 arte
1161 2030 1274 2074 sua
1301 2013 1589 2074 rhetorici
1618 2013 1702 2074 illi
1733 2015 2019 2074 doctores
2051 2014 2406 2088 complecte-

344 2106 553 2157 rentur
572 2144 586 2168 ,
619 2097 978 2171 quaerebat,
1013 2112 1120 2156 cur
1150 2098 1228 2157 de
1258 2096 1591 2172 prooemiis
1623 2106 1683 2157 et
1712 2097 1789 2155 de
1820 2096 2079 2172 epilogis
2111 2105 2171 2157 et
2202 2097 2279 2156 de
2307 2096 2417 2157 hu-

347 2178 613 2241 iusmodi
643 2180 823 2253 nugis
846 2211 932 2222 -
958 2177 1049 2240 sic
1072 2180 1233 2240 enim
1253 2180 1605 2255 appellabat
1630 2215 1715 2224 —
1736 2180 1940 2239 referti
1971 2188 2180 2239 essent
2203 2196 2416 2240 eorum

349 2261 512 2335 iibri,
547 2264 623 2322 de
666 2261 1010 2323 civitatibus
1052 2261 1473 2336 instituendiS,
1516 2264 1593 2323 de
1638 2261 1979 2323 scribendis
2022 2262 2293 2338 legibuS,
2340 2264 2417 2322 de

346 2344 684 2421 aequitate,
713 2346 792 2407 de
820 2345 1076 2419 iustitia,
1121 2348 1199 2407 de
1239 2348 1393 2420 fide,
1440 2347 1518 2406 de
1564 2344 1915 2420 frangendis
1961 2345 2414 2421 cupiditatibus,

347 2431 424 2490 de
454 2430 912 2491 conformandis
940 2429 1254 2492 hominum
1281 2430 1553 2491 moribus
1583 2428 1780 2491 littera
1811 2429 1976 2490 nulla
2016 2430 2075 2490 in
2107 2446 2318 2491 eorum
2346 2428 2412 2488 li-

347 2513 473 2575 bris
502 2512 895 2575 inveniretur.
961 2512 1064 2576 87.
1103 2516 1249 2591 Ipsa
1275 2531 1425 2575 vero
1464 2522 1794 2589 praecepta
1838 2513 1927 2575 sic
1967 2514 2223 2575 illudere
2252 2514 2411 2572 sole-

346 2594 474 2671 bat,
504 2606 571 2658 ut
601 2598 952 2659 ostenderet
979 2611 1101 2657 non
1132 2599 1316 2659 modo
1348 2616 1460 2659 eos
1492 2606 1775 2673 expertes
1801 2596 2127 2659 esseillius
2148 2597 2415 2673 pruden-

347 2678 496 2755 tiae,
531 2698 715 2757 quam
746 2680 862 2741 sibi
891 2680 1298 2755 asciscerent,
1345 2684 1458 2743 sed
1499 2699 1576 2742 ne
1605 2682 1764 2741 hanc
1810 2681 2059 2756 quidem
2100 2680 2296 2756 ipsam
2328 2677 2416 2738 di—

230 2795 235 2800 «
346 2764 526 2827 cendi
555 2764 851 2826 rationem
880 2781 954 2825 ac
983 2762 1144 2825 viam
1175 2782 1384 2826 nosse.
1442 2764 1637 2840 Caput
1659 2764 1818 2825 enim
1841 2765 2243 2826 arbitrabatur
2272 2778 2416 2824 esse

345 2848 625 2923 oratoriS,
653 2856 720 2909 ut
734 2856 795 2908 et
817 2847 955 2923 ipse
981 2846 1074 2922 iis,
1106 2849 1273 2924 apud
1288 2865 1449 2922 quos
1462 2857 1688 2924 ageret,
1720 2848 1876 2921 talis,
1913 2849 2154 2925 qualem
2183 2864 2251 2908 se
2274 2862 2418 2906 esse

346 2940 613 3006 optaret,
643 2930 988 3004 videretur3
1020 2930 1083 2991 id
1113 2930 1437 2991 fieri-vitae
1467 2931 1789 3006 dignitate,
1833 2933 1911 2992 de
1952 2950 2075 3008 qua
2103 2930 2250 2992 nihil
2278 2929 2410 2988 rhe-

347 3012 522 3075 torici
552 3013 653 3075 isti
683 3016 971 3076 doctores
1002 3013 1061 3075 in
1094 3013 1445 3090 praeceptis
1488 3015 1618 3076 suis
1647 3014 2073 3090 reliquissent:
2133 3024 2194 3076 et
2221 3014 2304 3075 uti
2334 3011 2412 3088 ei,

347 3097 451 3174 qui
481 3096 781 3173 audirent,
812 3097 902 3159 sic
931 3099 1341 3160 adficerentur
1370 3097 1607 3172 animis,
1635 3107 1708 3159 ut·
1730 3115 1841 3159 eos
1870 3097 2055 3159 adfici
2074 3099 2259 3158 vellet
2280 3112 2414 3158 ora-

345 3190 469 3253 tor3
503 3181 670 3258 quod
701 3180 841 3242 item
872 3180 1005 3241 fieri
1033 3184 1199 3243 nullo
1228 3183 1413 3242 modo
1445 3198 1658 3258 posse,
1690 3180 1807 3241 nisi
1838 3190 2173 3256 cognosset
2200 3180 2273 3254 is,
2309 3196 2413 3255 qui

345 3263 603 3337 diceret,
652 3272 801 3341 quot
842 3264 1043 3325 modis
1084 3264 1396 3326 hominum
1427 3274 1662 3326 mentes
1694 3272 1754 3325 et
1783 3264 2007 3341 quibus
2052 3274 2113 3325 et
2153 3280 2276 3339 quo
2309 3280 2412 3339 ge·

344 3364 489 3407 nere
519 3346 811 3409 orationis
840 3358 901 3408 ln
934 3364 1241 3423 quamque
1270 3357 1507 3424 partem
1537 3355 1957 3410 moverentur=
2017 3350 2170 3409 haec
2212 3355 2414 3408 autem

343 3445 486 3491 esse
526 3433 774 3506 penitus
811 3430 872 3491 in
895 3430 1096 3490 media
1119 3429 1511 3506 philosophia
1533 3440 1772 3493 retrusa
1788 3440 1972 3508 atque
1991 3431 2227 3503 abdita;
2255 3447 2415 3506 quae

343 3511 440 3574 isti
468 3512 748 3573 rhetores
778 3532 855 3573 ne
883 3512 1252 3589 primoribus
1284 3514 1530 3590 quidem
1557 3514 1744 3577 labris
1775 3515 2136 3591 attigissent.
2180 3514 2280 3578 88.
2325 3515 2412 3575 Ea
