2622 3908
723 274 870 332 LIB.
903 274 947 331 1.
994 272 1158 332 CAP.
1190 282 1419 335 8———10.
1466 279 1519 339 §-
1549 280 1815 334 33-42.
2273 278 2315 336 9

224 436 382 496 tata3
430 425 543 485 sed
574 433 640 485 ut
660 423 900 499 reliqua
925 423 1429 499 praetermittam,
1461 424 1729 486 omnium
1758 425 1904 486 mihi
1926 425 2175 500 videor,
2204 444 2309 487 ex-

222 508 462 583 ceptis,
505 507 759 582 Crasse,
805 507 984 569 vobis
1025 509 1302 580 duobus,
1349 507 1893 584 eloquentissimos
1934 507 2188 570 audisse
2222 511 2310 570 T1.

224 602 289 653 et
329 592 392 653 C.
425 590 859 667 SemproniOS,
905 609 1164 666 quorum
1207 600 1410 668 pater,
1454 594 1638 654 homo
1685 595 1957 669 prudens
1996 603 2057 654 et
2085 593 2311 668 gravis,

224 676 711 751 haudquaquam
738 677 1039 750 eloquens
1057 723 1072 749 ,
1103 685 1164 736 et
1192 692 1385 751 saepe
1414 676 1567 737 alias
1592 686 1653 738 et
1672 676 1935 738 maxime
1960 694 2185 739 censor
2212 695 2310 738 sa·

224 758 338 820 luti
366 759 454 819 rei
485 759 771 834 publicae
801 759 930 820 fuit.
987 758 1178 835 Atqui
1223 759 1278 820 is
1310 777 1433 820 non
1465 767 1754 821 accurata
1784 763 2049 834 quadam
2085 761 2303 822 oratio·

223 843 323 904 nis
356 842 570 918 copia,
611 844 724 904 sed
756 852 905 904 nutu
933 852 1119 919 atque
1148 844 1341 904 verbo
1373 844 1691 905 libertinos
1721 843 1784 904 in
1815 846 2083 905 urbanas
2114 844 2309 905 tribus

223 925 563 997 transtulit3
613 928 780 1002 quod
808 925 929 988 nisi
961 926 1242 1001 fecisset,
1271 944 1401 988 rem
1430 928 1767 1003 publicam,
1802 945 1984 1004 quam
2013 945 2177 988 nunc
2207 928 2310 988 vix

220 1020 540 1086 tenemus,
581 1009 702 1070 iam
746 1011 854 1071 diu
893 1013 1118 1072 nullam
1161 1012 1552 1073 haberemus.
1622 1015 1705 1073 At
1736 1029 1884 1073 vero
1917 1012 2052 1074 eius
2082 1009 2190 1071 filii
2220 1012 2309 1072 di-

223 1094 375 1156 serti
418 1103 480 1155 et
523 1093 808 1156 omnibus
849 1098 947 1155 vcl
990 1103 1244 1156 naturae
1271 1098 1373 1156 vel
1405 1096 1718 1157 doctrinae
1747 1095 2077 1172 praesidiis
2108 1096 2188 1155 ad
2219 1096 2313 1156 di·

224 1178 493 1239 cendum
524 1178 749 1254 parati,
785 1197 975 1254 quum
1006 1179 1310 1240 civitatem
1344 1182 1441 1239 vel
1470 1190 1727 1255 paterno
1760 1180 2019 1241 consilio
2051 1182 2150 1239 vel
2180 1187 2307 1245 avi-

222 1261 303 1324 tis
346 1261 533 1322 armis
571 1261 1069 1324 florentissimam
1099 1261 1523 1338 accepissent,
1567 1263 1686 1324 ista
1727 1265 2043 1339 praeclara
2085 1264 2303 1338 guber·

224 1345 489 1421 natrice,
533 1355 599 1407 ut
628 1346 751 1418 aiS,
791 1345 1132 1427 civitatum,
1163 1346 1673 1423 eloquentia‚rem
1703 1342 2012 1422 publicam
2043 1345 2304 1421 dissipa-

223 1439 463 1490 verunt.
551 1431 624 1490 X.
686 1429 788 1491 39.
849 1430 1049 1505 Quid?
1099 1433 1271 1507 leges
1319 1441 1563 1493 veteres
1586 1448 1937 1507 moresque
1978 1430 2304 1503 maiorum;

225 1513 420 1590 quid?
471 1513 781 1590 auspicia,
830 1514 1054 1590 quibus
1097 1525 1158 1577 et
1196 1532 1314 1590 ego
1360 1525 1421 1577 et
1463 1526 1556 1592 tu,
1601 1517 1855 1591 Crasse,
1906 1532 2044 1577 cum
2086 1532 2308 1590 magna

222 1597 314 1658 rei
346 1597 631 1673 publicae
663 1602 860 1659 salute
891 1616 1288 1674 praesumus3
1325 1599 1517 1675 quid?
1557 1599 1889 1676 religiones
1921 1609 1981 1660 et
2010 1599 2302 1660 caerimo-

225 1681 396 1751 niae;
455 1681 647 1757 quid?
689 1683 841 1743 haec
883 1682 1017 1745 iura
1059 1684 1293 1759 civilia,
1345 1701 1505 1759 quae
1544 1684 1665 1744 iam
1708 1683 1949 1761 pridem
1991 1685 2050 1745 in
2095 1695 2308 1744 nostra

226 1764 457 1826 familia
499 1767 633 1828 sine
674 1769 798 1827 ulla
840 1768 1227 1843 eloquentiae
1269 1770 1452 1828 laude
1481 1778 1836 1842 versantur,
1880 1785 2024 1828 num
2073 1777 2177 1828 aut
2215 1767 2303 1828 in·

225 1857 410 1910 venta
440 1860 583 1912 sunt
608 1861 713 1912 aut
735 1851 980 1926 cognita
1003 1862 1108 1914 aut
1133 1851 1381 1913 omnino
1405 1853 1482 1912 ab
1507 1864 1816 1914 oratorum
1838 1868 2064 1926 genere
2085 1860 2305 1913 tracta-

224 1941 333 1996 ta?
401 1933 501 1996 40.
563 1934 866 2011 Equidem
907 1943 968 1997 et
1010 1936 1141 1998 Ser.
1175 1936 1428 1996 Galbam
1471 1936 1766 1997 memoria
1806 1946 1985 1999 teneo
2030 1935 2303 1997 divinum

224 2017 533 2080 hominem
572 2018 634 2079 in
678 2019 941 2081 dicendo
986 2030 1047 2081 et
1085 2022 1166 2079 M.
1195 2019 1522 2080 Aemilium
1548 2019 1868 2080 Porcinam
1911 2028 1971 2079 et
2001 2020 2063 2079 C.
2096 2020 2301 2093 ipsum

224 2103 596 2175 Carbonem,
643 2121 826 2180 quem
869 2114 932 2165 tu
973 2104 1475 2166 adolescentulus
1518 2102 1861 2179 perculisti,
1907 2102 2182 2177 ignarum
2221 2105 2307 2163 le·

223 2204 404 2262 gum,
449 2186 848 2249 haesitantem
888 2189 949 2248 in
992 2188 1290 2251 maiorum
1329 2187 1654 2262 institutiS,
1696 2189 1913 2249 rudem
1952 2185 2014 2246 in
2059 2186 2190 2247 iure
2221 2185 2308 2246 ci-

222 2270 361 2341 vili3
410 2281 472 2333 et
499 2272 651 2332 haec
681 2280 852 2333 aetas
884 2283 1095 2335 nostra
1123 2281 1367 2349 praeter
1395 2282 1485 2347 te,
1533 2273 1786 2346 Crasse,
1831 2270 1935 2347 qui
1972 2281 2077 2332 tuo
2108 2270 2303 2346 magis

223 2355 465 2428 studi0,
511 2373 694 2430 quam
739 2356 989 2432 proprio
1032 2374 1284 2419 munere
1320 2356 1528 2433 aliquo
1562 2357 1957 2431 disertorum,
2002 2355 2099 2416 ius
2128 2372 2166 2415 a
2195 2372 2305 2416 no-

222 2437 320 2500 bis
357 2437 536 2499 civile
565 2439 867 2513 didicisti,
900 2442 1069 2516 quod
1097 2440 1400 2503 interdum
1429 2443 1692 2517 pudeat,
1721 2440 1870 2502 iuris
1901 2441 2114 2517 ignara
2143 2450 2257 2501 est.

396 2520 494 2584 41.
542 2524 718 2598 Quod
746 2541 894 2585 vero
927 2526 988 2584 in
1020 2535 1292 2586 extrema
1322 2525 1597 2588 oratione
1629 2525 1809 2602 quasi
1838 2533 1943 2586 tuo
1975 2524 2107 2586 iure
2138 2541 2303 2585 sum-

223 2605 424 2681 psisti,
456 2618 762 2669 oratorem
791 2608 851 2667 in
878 2608 1076 2670 omnis
1101 2610 1405 2670 sermonis
1430 2609 1846 2686 disputatione
1867 2609 2303 2685 copiosissime

222 2690 463 2752 versari
493 2708 715 2767 posse,
757 2691 854 2767 id,
900 2691 1019 2754 nisi
1047 2691 1147 2753 hic
1177 2695 1238 2754 in
1267 2703 1373 2756 tuo
1403 2711 1595 2769 regno
1627 2710 1941 2765 essemuS,
1976 2711 2098 2755 non
2132 2692 2301 2755 tulis-

222 2791 356 2834 sem
387 2775 717 2851 multisque
749 2775 1121 2852 praeissem,
1172 2776 1277 2853 qui
1320 2788 1424 2840 aut
1467 2776 1787 2839 interdicto
1819 2788 2023 2838 tecum
2052 2786 2299 2838 conten-

223 2859 441 2920 derent
483 2869 589 2921 aut
628 2869 689 2921 te
734 2877 815 2921 ex
855 2859 987 2921 iure
1015 2879 1260 2923 manum
1291 2872 1642 2923 consertum
1671 2870 1996 2936 vocarent,
2044 2862 2211 2936 quod
2241 2860 2301 2921 in

220 2942 456 3004 alienas
481 2943 920 3019 possessiones
942 2955 1064 3005 tam
1090 2957 1319 3008 temere
1343 2946 1652 3008 irruisses.
1711 2945 1813 3007 42.
1843 2951 2118 3022 Agerent
2141 2943 2301 3005 enim

220 3035 424 3087 tecum
471 3029 604 3103 lege
637 3027 893 3104 primum
921 3030 1290 3108 Pythagorei
1322 3048 1538 3092 omnes
1568 3041 1754 3107 atque
1782 3029 2134 3092 Democritii
2165 3044 2293 3089 cae-

221 3109 461 3186 terique
484 3126 600 3172 sua
632 3111 692 3171 in
723 3111 855 3171 iure
878 3112 1122 3188 physici
1154 3113 1553 3183 vindicarent,
1578 3114 1774 3177 ornati
1812 3114 2091 3176 homines
2121 3113 2182 3171 in
2214 3111 2300 3171 di-

220 3196 422 3255 cendo
468 3208 528 3258 et
571 3214 822 3272 graveS‚
873 3200 1238 3273 quibuscum
1283 3199 1392 3260 tibi
1435 3200 1595 3261 iusto
1629 3209 2015 3261 sacramento
2048 3205 2301 3257 conten·

218 3279 370 3338 dere
400 3297 523 3341 non
553 3281 783 3343 liceret.
840 3283 1138 3357 Urgercnt
1182 3293 1506 3360 praeterea
1534 3283 2047 3359 philosophorum
2078 3296 2300 3355 greges

218 3360 339 3422 iam
384 3365 462 3424 ab
505 3363 610 3426 illo
660 3367 824 3426 fonte
869 3376 929 3428 et
965 3366 1165 3442 capite
1195 3366 1482 3438 Socrate,
1530 3367 1676 3427 nihil
1706 3376 1764 3427 te
1793 3366 1872 3426 de
1901 3362 2083 3426 bonis
2113 3366 2299 3425 rebus

216 3442 277 3505 in
318 3445 473 3519 vita,
522 3447 668 3508 nihil
708 3449 787 3510 de
818 3448 1025 3523 maliS,
1066 3450 1211 3512 nihil
1258 3453 1336 3512 de
1368 3450 1552 3512 animi
1584 3448 2106 3525 permotionibus,
2154 3448 2299 3510 nihil

217 3529 295 3590 de
325 3530 639 3593 hominum
668 3532 972 3600 moribus,
1016 3533 1161 3594 nihil
1203 3536 1280 3594 de
1323 3534 1562 3595 rationc
1588 3532 1749 3594 vitae
1780 3533 2109 3596 didicisse.
2153 3531 2297 3592 nihil
