2622 3908
285 173 368 234 36
1053 171 1154 231 DE
1202 169 1568 231 ORATORE

289 342 412 401 que
446 322 798 383 defendere.
863 321 1269 396 Quamobrem
1316 320 1415 381 hic
1450 321 1630 383 nobis
1668 321 1747 384 sit
1780 332 2112 397 exceptus3
2162 334 2355 386 caete-

286 425 393 469 ros
425 423 571 467 vero
609 423 732 466 non
769 405 1058 466 dubitabo
1092 404 1352 478 primum
1381 404 1637 471 inertiae
1669 406 2082 466 condemnare
2118 415 2359 468 senten-

286 490 370 551 tia
399 507 563 561 mea,
602 495 748 565 post
781 489 962 550 etiam
995 488 1431 565 impudentiae.
1522 488 1663 553 173.
1707 490 1859 550 Nam
1888 488 2144 550 volitare
2172 491 2236 551 in
2273 493 2363 552 fo·

287 592 388 646 ro,
425 575 682 633 haerere
711 571 774 633 in
821 574 954 634 iure
994 589 1069 632 ac
1115 582 1469 647 praetorum
1513 573 1947 647 tribunalibus,
1982 572 2211 634 iudicia
2242 573 2367 650 pri-

290 666 432 719 vata
458 674 812 732 magnarum
839 674 1044 718 rerum
1076 654 1278 730 obire,
1324 654 1387 715 in
1425 657 1649 731 quibus
1681 673 1872 731 saepe
1904 673 2027 716 non
2064 658 2141 717 de
2180 659 2366 732 facto,

289 742 403 803 sed
435 742 514 801 de
544 739 853 816 aequitate
887 757 960 801 ac
992 740 1125 800 iure
1162 747 1455 812 certetur,
1499 740 1729 802 iactare
1776 757 1846 800 se
1881 739 1943 800 in
1975 739 2183 801 causis
2220 757 2366 802 een-

291 823 744 899 tumviralibuS,
777 823 840 884 in
889 823 1111 900 quibus
1154 824 1634 899 usucapionum,
1673 825 2023 898 tutelarum,
2064 822 2365 898 gentilita-

291 919 446 980 tum‚
483 907 907 983 agnationum,
941 906 1371 979 adluvionum,
1424 906 2000 981 circumluvionum,
2046 924 2367 983 nexorum,

290 991 764 1074 mancipiorum,
799 990 1130 1066 parietum,
1164 989 1490 1066 luminum,
1525 989 2001 1065 stillicidiorum,
2036 999 2363 1052 testamen-

290 1087 491 1138 torum
524 1083 843 1151 ruptorum
870 1083 976 1136 aut
1008 1083 1276 1135 ratorum
1311 1083 1819 1150 caeterarumque
1853 1091 2056 1136 rerum
2089 1073 2364 1137 innume-

290 1159 570 1220 rabilium
617 1161 749 1220 iura
794 1167 1143 1231 versentur,
1197 1176 1385 1234 quum
1432 1157 1711 1232 omnino,
1762 1157 1910 1233 quid
1959 1174 2169 1232 suum,
2218 1159 2366 1234 quid

292 1243 587 1317 alienum,
627 1260 816 1318 quare
853 1243 1120 1319 denique
1155 1241 1310 1303 civis
1344 1250 1450 1303 aut
1478 1243 1870 1318 peregrinuS,
1909 1259 2129 1303 servus
2160 1249 2266 1303 aut
2299 1240 2365 1300 li-

290 1328 404 1388 ber
439 1325 745 1402 quispiam
783 1326 890 1400 sit,
935 1326 1208 1402 ignoret,
1256 1325 1515 1401 insignis
1564 1333 1661 1387 est
1689 1324 2123 1401 impudentiae.
2224 1323 2367 1388 174.

292 1412 402 1471 Illa
428 1427 577 1471 vero
611 1409 948 1470 deridenda
979 1408 1339 1484 adrogantia
1375 1418 1487 1484 est,
1518 1411 1578 1470 in
1613 1408 1950 1470 minoribus
1986 1407 2245 1484 navigiis
2267 1426 2344 1470 ru

299 1496 441 1554 dem
475 1510 619 1554 esse
657 1511 725 1554 se
761 1493 1073 1566 confiteri,
1111 1491 1588 1568 quinqueremes
1617 1500 1724 1554 aut
1751 1492 1933 1554 etiam
1963 1490 2228 1552 maiores
2258 1509 2369 1566 gu·

296 1578 551 1637 bernare
582 1575 894 1637 didicisse.
965 1577 1053 1638 Tu
1080 1574 1225 1636 mihi
1263 1593 1451 1651 quum
1479 1577 1541 1637 in
1565 1578 1792 1638 circulo
1818 1575 2128 1652 decipiare
2150 1576 2368 1636 adver-

294 1659 440 1720 sarii
475 1659 971 1736 stipulatiuncula
1016 1669 1077 1721 et
1124 1676 1311 1735 quum
1354 1660 1645 1736 obsignes
1691 1660 1948 1722 tabellas
1973 1658 2227 1720 ’clientis
2263 1658 2368 1733 tui,

295 1744 520 1820 quibus
556 1743 616 1804 in
649 1743 887 1805 tabellis
920 1743 983 1804 id
1019 1742 1097 1805 sit
1128 1743 1457 1819 scriptum,
1490 1761 1613 1820 quo
1646 1743 1748 1805 ille
1785 1742 2077 1818 capiatur,
2111 1744 2227 1819 ego
2260 1742 2367 1803 tibi

296 1830 479 1890 ullam
511 1845 762 1889 causam
805 1829 1097 1889 maiorem
1146 1827 1637 1890 committendam
1683 1835 1934 1904 putem?
1998 1825 2185 1888 Citius
2228 1827 2366 1887 her·

295 1914 432 1975 cule
464 1913 548 1987 is,
585 1911 691 1989 qui
723 1913 985 1975 duorum
1020 1913 1388 1974 scalmorum
1422 1911 1766 1975 naviculam
1811 1911 1873 1972 in
1918 1919 2101 1987 portu
2135 1918 2368 1972 everte-

295 1997 400 2073 rit,
430 1996 492 2057 in
527 1996 766 2059 Euxino
802 2007 993 2074 ponto
1029 1999 1522 2073 Argonautarum
1545 2014 1761 2057 navem
1785 1993 2155 2071 gubernarit.
2226 1992 2367 2057 175.

295 2080 497 2156 Quid?
528 2080 581 2141 si
616 2097 695 2142 ne
728 2098 962 2157 parvae
999 2080 1249 2156 quidem
1281 2098 1510 2142 causae
1557 2088 1728 2155 sunt,
1780 2080 1893 2140 sed
1940 2095 2131 2154 saepe
2178 2077 2370 2138 maxi-

296 2181 464 2236 mae,
501 2164 562 2224 in
601 2164 824 2240 quibus
861 2173 1127 2225 certatur
1161 2165 1239 2224 de
1275 2164 1407 2225 iure
1439 2162 1633 2238 civili,
1683 2165 1852 2239 quod
1887 2164 2132 2225 tandem
2169 2179 2241 2223 os
2277 2169 2372 2223 est

293 2247 455 2308 illius
491 2247 765 2322 patroni,
798 2246 904 2321 qui
937 2248 1020 2307 ad
1052 2263 1161 2308 eas
1195 2264 1418 2308 causas
1454 2246 1590 2307 sine
1623 2248 1747 2308 ulla
1792 2245 2047 2308 scientia
2077 2244 2227 2307 iuris
2263 2262 2369 2306 au-

302 2332 401 2391 det
435 2332 778 2390 accedere?
842 2330 1012 2404 Quae
1042 2330 1242 2405 potuit
1285 2330 1468 2407 igitur
1513 2348 1658 2392 esse
1704 2348 1892 2392 causa
1926 2329 2150 2404 maior,
2188 2345 2372 2404 quam

294 2412 458 2474 illius
490 2411 739 2475 militis?
772 2414 851 2474 de
887 2412 1062 2475 cuius
1096 2423 1290 2475 morte
1326 2432 1514 2490 quum
1560 2415 1808 2476 domum
1857 2415 2048 2474 salsus
2082 2414 2157 2473 ab
2195 2429 2370 2473 exer-

299 2495 421 2557 citu
453 2498 698 2558 nuntius
749 2496 1024 2558 venisset
1066 2506 1126 2558 et
1168 2507 1344 2573 pater
1386 2498 1520 2560 eius
1566 2515 1633 2559 re
1681 2496 1911 2559 credita
1944 2505 2370 2559 testamentum

297 2589 597 2642 mutasset
630 2589 719 2654 et,
759 2597 938 2657 quem
976 2580 1033 2641 ei
1069 2580 1268 2643 visum
1314 2591 1513 2656 esset,
1563 2581 1816 2643 fecisset
1849 2581 2139 2641 heredem
2173 2588 2370 2641 esset-
2439 2609 2444 2618 ‚

298 2681 420 2739 que
453 2663 590 2741 ipse
622 2674 928 2727 mortuus=
963 2682 1065 2726 res
1102 2664 1305 2727 delata
1338 2676 1435 2727 est
1467 2666 1547 2725 ad
1579 2664 2011 2737 centumviroS,
2044 2682 2230 2741 quum
2262 2662 2373 2723 mi-

297 2750 389 2808 les
422 2749 668 2809 domum
702 2748 1048 2811 revenisset
1077 2749 1435 2825 egissetque
1468 2749 1606 2824 lege
1638 2749 1701 2809 in
1737 2747 2133 2809 hereditatem
2169 2756 2372 2823 pater·

298 2850 441 2892 nam
473 2834 1137 2894 testamento‘exheres
1171 2832 1355 2894 filius.
1418 2833 1651 2908 Nempe
1699 2834 1758 2892 in
1791 2849 1866 2892 ea
1900 2849 2090 2893 causa
2125 2832 2372 2907 quaesi-

298 2923 422 2976 tum
456 2923 552 2976 est
586 2915 664 2975 de
697 2914 830 2977 iure
865 2915 1061 2990 civili,
1091 2925 1387 2992 possetne
1425 2923 1816 2990 paternorum
1849 2917 2153 2977 bonorum
2183 2914 2371 2974 exhe-

297 3014 397 3059 res
430 3014 574 3059 esse
608 2999 803 3073 filiuS,
841 3016 1023 3075 quem
1058 3010 1233 3074 pater
1266 3009 1628 3061 testamento
1676 3016 1880 3075 neque
1925 3000 2216 3061 heredem
2264 3015 2366 3057 ne-

299 3099 420 3158 que
443 3082 813 3143 exheredem
838 3081 1194 3158 scripsisset
1221 3082 1618 3146 nominatim?
1688 3085 1951 3144 XXXIX.
1995 3081 2136 3145 176.
2170 3080 2369 3157 Quidv

299 3184 421 3241 qua
456 3168 533 3227 de
567 3183 635 3227 re
670 3164 825 3227 inter
858 3166 1183 3228 Marcellos
1231 3176 1292 3228 et
1334 3166 1621 3229 Claudios
1667 3166 1959 3243 patricios
2007 3163 2367 3227 centumviri

296 3248 671 3323 iudicarunt,
705 3267 894 3326 quum
926 3249 1197 3310 Marcelli
1230 3252 1307 3311 ab
1343 3249 1539 3311 liberti
1574 3249 1701 3311 filio
1733 3250 1954 3326 stirpe,
1988 3249 2223 3312 Claudii
2257 3266 2365 3325 pa-

290 3342 446 3403 tricii
492 3340 772 3401 eiusdem
805 3337 1070 3399 hominis
1104 3337 1505 3399 hereditatem
1538 3347 1723 3414 gente
1754 3342 1834 3401 ad
1863 3356 1936 3401 se
1978 3342 2257 3403 dicerent
2285 3360 2376 3403 re-

292 3427 489 3496 disse,
536 3440 742 3485 nonne
784 3425 847 3483 in
882 3440 955 3483 ea
997 3438 1186 3482 causa
1226 3421 1341 3482 fuit
1385 3423 1736 3484 oratoribus
1782 3426 1862 3486 de
1892 3433 2025 3487 toto
2077 3425 2289 3502 stirpis
2325 3441 2387 3496 et

138 3679 141 3680 ⁷
160 3679 317 3760 Ἃ
