2622 3908
621 254 769 312 LIB.
801 253 846 309 l.
896 252 1062 311 CAP.
1093 260 1255 311 10—·
1272 259 1357 311 12.
1407 256 1457 316 S.
1489 259 1756 312 42—50.
2193 255 2265 316 11

185 406 310 482 legi
338 404 660 480 Gorgiam3
710 420 832 479 quo
860 402 921 462 in
945 402 1099 464 libro
1128 403 1248 463 hoc
1284 401 1549 486 maxime
1575 401 1922 463 admirabar
1946 403 2274 477 Platonem,

187 490 361 566 quod
402 486 548 548 mihi
591 487 653 546 in
699 487 1045 549 oratoribus
1075 486 1403 547 irridendis
1433 486 1571 562 ipse
1594 503 1738 547 esse
1769 495 1974 548 orator
2002 504 2275 549 summus

192 573 535 633 videbatur.
594 570 784 632 Verbi
815 570 976 631 enim
1008 571 1432 632 controversia
1458 570 1580 630 iam
1608 569 1713 631 diu
1742 579 1990 645 torquet
2013 572 2274 633 Graecu—

185 659 285 718 ios
309 655 590 716 homines
617 655 1027 716 contentionis
1051 654 1407 731 cupidiores
1432 671 1617 730 quam
1636 653 1934 715 veritatis.
1994 654 2095 716 48.
2127 657 2277 715 Nam

187 739 241 802 si
287 738 428 816 quis
474 739 636 799 hunc
674 738 883 799 statuit
909 755 1053 799 esse
1084 748 1419 812 oratorem,
1468 737 1573 814 qui
1603 739 2020 799 tantummodo
2052 739 2113 798 in
2144 739 2276 800 iure

186 834 248 885 et
276 823 339 884 in
372 821 617 883 iudiciis
648 823 850 897 possit
878 833 981 884 aut
1015 824 1180 898 apud
1210 825 1510 899 populum
1546 830 1650 881 aut
1678 821 1739 881 in
1771 831 1989 882 senatu
2019 822 2275 898 copiose

189 906 390 984 loqui,
422 914 622 966 tamen
651 905 794 966 huic
824 905 946 982 ipsi
975 907 1161 967 multa
1190 906 1415 968 tribuat
1443 916 1505 967 et
1532 907 1837 966 concedat
1864 920 2126 966 necesse
2160 915 2277 968 est.

188 992 399 1066 Neque
443 989 607 1049 enim
651 988 786 1071 sine
828 991 1013 1051 multa
1043 990 1513 1067 pertractatione
1544 990 1812 1051 omnium
1841 1006 2044 1050 rerum
2076 989 2267 1065 publi—

188 1092 397 1136 carum
439 1089 644 1148 neque
687 1073 822 1134 sine
864 1076 1098 1149 legum,
1141 1091 1411 1146 morum,
1454 1073 1603 1134 iuris
1648 1073 1907 1135 scientia
1935 1089 2136 1148 neque
2175 1090 2273 1134 aa·

190 1168 321 1219 tura
365 1158 679 1218 homiuum
721 1156 1032 1233 incognita
1074 1175 1146 1217 ac
1190 1158 1465 1219 moribus
1494 1157 1554 1217 in
1586 1158 1684 1218 his
1715 1157 1871 1232 ipsis
1901 1158 2088 1218 rebus
2121 1156 2270 1218 satis

186 1241 407 1302 callide
455 1240 688 1302 versari
731 1250 793 1302 et
820 1242 1016 1317 perite
1046 1250 1268 1317 potest.
1332 1241 1446 1316 Qui
1476 1251 1678 1302 autem
1709 1241 1864 1302 haec
1895 1240 2265 1316 cognoverit,

188 1324 321 1386 sine
354 1324 582 1400 quibus
611 1342 689 1385 ne
717 1324 821 1384 illa
853 1326 1096 1401 quidem
1129 1325 1377 1385 minima
1412 1325 1473 1386 in
1505 1324 1711 1386 causis
1744 1324 2075 1401 quisquam
2103 1334 2271 1385 recte

187 1410 342 1470 tueri
371 1416 607 1484 potest,
654 1408 802 1484 quid
843 1409 983 1470 huic
1019 1411 1245 1471 abesse
1276 1409 1499 1486 poterit
1527 1411 1605 1469 de
1634 1409 2035 1469 maximarum
2065 1426 2268 1469 rerum

186 1492 489 1554 scientia?
553 1491 660 1552 Sin
692 1495 952 1554 oratoris
984 1493 1131 1554 nihil
1163 1494 1258 1555 vis
1290 1511 1435 1555 esse
1463 1494 1582 1554 nisi
1614 1493 1957 1568 composite
1978 1541 1993 1567 ,
2038 1502 2269 1568 ornate,

185 1576 445 1652 copiose
481 1576 687 1652 loqui,
731 1593 992 1652 quaem,
1040 1577 1104 1638 id
1132 1578 1339 1653 ipsum
1370 1578 1475 1655 qui
1506 1577 1708 1653 possit
1735 1577 1999 1653 adsequi
2032 1577 2165 1638 sine
2196 1593 2271 1637 ea

186 1660 476 1732 scientia,
512 1678 693 1735 quam
725 1660 782 1720 ei
812 1678 933 1722 non
966 1662 1353 1724 conceditis?
1407 1662 1663 1723 Dicendi
1694 1661 1856 1723 enim
1885 1661 2110 1735 virtuS,
2151 1660 2272 1721 nisi

183 1744 271 1816 ei,
308 1743 413 1820 qui
438 1743 630 1817 dicet,
663 1762 768 1818 ea,
798 1747 877 1806 de
901 1744 1126 1821 quibus
1150 1747 1344 1819 dicet,
1376 1756 1674 1823 percepta
1701 1745 1839 1819 sint,
1873 1755 2120 1806 exstare
2146 1762 2266 1805 non

183 1837 409 1904 potest.
466 1826 568 1889 49.
616 1828 1054 1903 Quamobrem,
1100 1830 1153 1891 si
1186 1839 1399 1892 ornate
1430 1833 1670 1891 locutus
1703 1840 1827 1902 est,
1876 1829 2034 1890 sicut
2062 1839 2123 1890 et
2155 1830 2269 1890 l'er-

184 1922 282 1975 tur
329 1920 391 1974 et
436 1911 578 1972 mihi
611 1912 877 1988 videtur,
923 1914 1224 1991 physicus
1255 1914 1357 1975 ille
1391 1913 1807 1988 DemocrituS,
1850 1913 2137 1975 materies
2169 1912 2271 1974 illa

188 1997 298 2059 fuit
327 1996 626 2073 physici,
656 1998 733 2059 de
766 2016 890 2074 qua
919 1997 1100 2070 dixit,
1145 2007 1398 2059 ornatus
1430 2014 1576 2058 vero
1608 1997 1747 2072 ipse
1775 1998 2104 2057 verborum
2135 2013 2271 2056 ora-

187 2081 336 2145 toris
369 2082 677 2157 putandus
708 2092 820 2144 est.
878 2083 982 2155 Et,
1029 2081 1082 2142 si
1109 2083 1277 2144 Plato
1325 2084 1402 2142 de
1430 2082 1619 2141 rebus
1649 2097 1686 2139 a
1715 2079 1996 2140 civilibus
2028 2089 2268 2140 contro-

184 2165 408 2228 versiis
432 2164 859 2226 remotissimis
883 2164 1175 2227 divinitus
1199 2176 1293 2227 est
1316 2167 1558 2227 locutus
1573 2212 1589 2239 ,
1621 2166 1790 2241 quod
1814 2181 1930 2240 ego
1956 2164 2267 2234 concedo;

184 2251 237 2311 si
269 2249 413 2310 item
443 2249 807 2311 Aristoteles
826 2298 839 2322 ,
886 2251 937 2310 si
967 2251 1461 2326 Theophrastus,
1510 2250 1563 2311 si
1594 2250 1943 2310 Carneades
1987 2247 2049 2309 in
2080 2248 2268 2309 rebus

181 2333 295 2408 iis,
336 2334 414 2394 de
446 2333 667 2407 quibus
704 2333 1207 2409 disputaverunt,
1251 2336 1617 2411 eloquentes
1648 2341 1708 2395 et
1736 2334 1795 2393 in
1828 2333 2092 2394 dicendo
2127 2348 2267 2393 sua-

184 2434 297 2479 ves
326 2426 514 2492 atque
546 2419 740 2478 ornati
773 2421 1045 2492 fuerunt,
1089 2418 1212 2480 sint
1245 2435 1357 2480 eae
1386 2435 1520 2491 reS,
1565 2419 1644 2478 de
1677 2418 1901 2493 quibus
1932 2418 2267 2493 disputant,

183 2501 242 2563 in
288 2499 424 2561 aliis
474 2500 842 2576 quibusdam
885 2503 1136 2575 studiiS,
1184 2502 1380 2563 oratio
1421 2502 1666 2578 quidem
1712 2502 1852 2578 ipsa
1891 2500 2141 2578 propria
2175 2509 2269 2561 est

183 2586 364 2646 huius
405 2585 588 2645 unius
630 2585 916 2659 rationis,
977 2587 1054 2646 de
1103 2603 1225 2661 qua
1272 2587 1581 2662 loquimur
1622 2595 1682 2647 et
1724 2585 2095 2662 quaerimus.
2165 2583 2266 2645 50.

183 2668 421 2731 Etenim
453 2669 733 2730 videmus
765 2669 982 2730 iisdem
1014 2671 1092 2730 de
1121 2671 1308 2731 rebus
1349 2669 1552 2731 ieiune
1584 2671 1887 2745 quosdam
1920 2678 1978 2729 et
2009 2668 2266 2741 exiliter,

183 2763 247 2814 ut
276 2770 434 2827 eum,
467 2770 649 2828 quem
680 2753 1098 2815 acutissimum
1129 2756 1349 2828 serunt,
1383 2753 1813 2830 Chrysippum,
1845 2752 2267 2827 disputavisse

183 2854 387 2912 neque
418 2838 497 2898 ob
528 2854 662 2897 eam
693 2854 820 2898 rem
850 2837 1282 2913 philosophiae
1313 2854 1437 2898 non
1468 2836 1907 2908 satis-fecisse,
1943 2837 2112 2911 quod
2142 2852 2265 2896 non

183 2920 463 2982 habuerit
503 2921 662 2981 hanc
696 2920 941 2982 dicendi
978 2939 1057 2982 ex
1087 2932 1216 2983 arte
1246 2922 1448 2983 aliena
1479 2923 1844 2982 facultatem.
1931 2921 2059 2981 ΧΠ.
2109 2918 2261 2995 Quid

181 3022 330 3080 ergo
363 3003 661 3065 interest?
705 3015 807 3066 aut
851 3005 955 3082 qui
986 3005 1304 3067 discernes
1335 3022 1579 3078 eorum,
1623 3023 1784 3081 quos
1814 3004 2157 3071 nominavi,
2203 3004 2260 3064 in

180 3089 448 3149 dicendo
478 3089 817 3149 ubertatem
846 3099 907 3150 et
935 3089 1179 3165 copiam
1208 3092 1285 3150 ab
1319 3107 1529 3151 eorum
1558 3090 1861 3161 exilitate,
1893 3089 1995 3165 qui
2027 3089 2143 3147 hac
2174 3087 2263 3146 di-

181 3170 362 3232 cendi
409 3171 701 3234 varietate
742 3183 802 3233 et
843 3172 1145 3248 elegantia
1190 3190 1314 3234 non
1357 3181 1646 3235 utuntur?
1721 3176 1922 3235 Unum
1966 3172 2080 3233 erit
2121 3187 2254 3245 pro-

182 3255 378 3329 fecto,
412 3257 578 3330 quod
610 3255 680 3326 ii,
730 3256 833 3331 qui
862 3257 1021 3318 bene
1051 3257 1290 3330 dicunt,
1322 3260 1606 3319 adserunt
1636 3257 1978 3332 proprium,
2011 3269 2258 3330 compo-

181 3338 361 3400 sitam
392 3339 730 3401 orationem
762 3350 823 3401 et
845 3350 1121 3402 ornatam
1145 3351 1204 3402 et
1227 3341 1485 3403 artificio
1510 3342 1780 3417 quodam
1803 3350 1865 3400 et
1886 3339 2262 3413 expolitione

180 3421 548 3484 distinctam.
613 3425 780 3484 Haec
808 3433 1012 3486 autem
1044 3424 1272 3499 oratio,
1304 3425 1359 3486 si
1387 3442 1490 3484 res
1520 3441 1642 3484 non
1676 3424 1892 3483 subest
1914 3424 1993 3483 ab
2019 3433 2262 3486 oratore

183 3516 477 3582 percepta
519 3516 580 3566 et
624 3507 900 3583 cognita,
944 3518 1048 3569 aut
1091 3510 1257 3569 nulla
1301 3507 1381 3569 sit
1424 3523 1684 3567 necesse
1727 3516 1823 3568 est
1862 3517 1960 3567 aut
1995 3507 2259 3569 omnium
2299 3535 2316 3546 κ
