2622 3908
714 244 860 304 Lm.
891 245 936 304 Ι.
969 245 1037 303 11.
1087 244 1250 305 CAP.
1283 253 1513 307 61—1.
1556 250 1607 311 S.
1640 252 1905 306 259—2.
2274 241 2353 305 59

283 414 472 474 quam
504 397 673 472 quod
703 411 1028 456 causarum
1059 394 1401 457 necessitas
1424 397 1789 471 postularet;
1824 395 1936 456 sed
1958 394 2154 456 maius
2180 395 2353 471 quid-

283 483 427 542 dam
456 478 767 552 videbam,
806 497 992 554 quum
1024 479 1354 540 censebam
1385 486 1719 552 oratorem,
1766 477 2127 555 praesertim
2156 477 2216 539 in
2246 496 2354 540 no-

285 575 413 627 stra
442 581 508 624 re
539 561 816 639 publica,
860 561 1082 624 nullius
1128 561 1463 624 ornamenti
1506 571 1821 637 expertem
1859 580 2001 623 esse
2038 556 2355 639 oportere.

284 651 373 709 Tu
401 656 622 721 autem,
661 644 950 722 quoniam
973 645 1211 721 exiguis
1245 645 1612 720 quibusdam
1632 645 1857 707 finibus
1882 655 2073 708 totum
2096 646 2355 708 oratoris

285 749 506 793 munus
551 728 1040 804 circumdedisti,
1083 730 1201 791 hoc
1241 729 1479 790 facilius
1525 728 1703 790 nobis
1735 746 2014 805 expones
2045 747 2148 806 ea,
2194 748 2358 806 quae

284 817 397 877 abs
445 823 502 876 te
548 815 627 874 de
663 812 885 875 officiis
916 812 1392 890 praeceptisque
1424 812 1683 874 oratoris
1716 814 1997 888 quaesita
2026 821 2198 887 sunt;
2245 815 2357 875 sed

285 897 508 975 opinor
530 898 870 962 secundum
893 897 1055 958 hunc
1078 897 1257 956 diem.
1318 897 1481 958 Satis
1512 895 1675 958 enim
1696 898 1884 958 multa
1911 914 1948 957 a
1968 895 2147 957 nobis
2171 897 2357 960 hodie

285 982 449 1044 dicta
479 991 637 1044 sunt.
695 979 836 1043 265.
881 981 1053 1042 Nunc
1084 989 1144 1042 et
1173 980 1505 1055 Scaevola,
1542 979 1830 1056 quoniam
1859 979 1920 1040 in
1949 982 2354 1042 Tusculanum

284 1084 374 1127 ire
403 1065 745 1140 constituit,
787 1066 1057 1141 paullum
1086 1064 1465 1140 requiescet,
1509 1066 1653 1125 dum
1689 1082 1759 1125 se
1790 1066 1959 1125 calor
1989 1065 2254 1140 frangat3
2300 1074 2356 1126 et

285 1167 402 1210 nos
433 1148 572 1226 ipsi,
605 1149 896 1225 quoniam
927 1148 990 1210 id
1020 1147 1313 1224 temporis
1338 1156 1453 1224 est,
1480 1147 1816 1209 valetudini
1842 1150 2057 1209 demus
2083 1165 2356 1224 operam.

283 1234 512 1295 Placuit
556 1231 645 1295 sic
689 1232 990 1294 omnibus.
1064 1233 1214 1292 Tum
1259 1232 1592 1293 Scaevola:
1640 1231 1829 1304 Sane,
1873 1231 2096 1307 inquit,
2141 1235 2356 1294 vellem

284 1335 407 1379 non
453 1315 912 1378 constituissem
950 1317 1010 1376 in
1054 1317 1465 1377 Tusculanum
1513 1331 1609 1375 me
1648 1314 1833 1376 hodie
1865 1323 2185 1377 venturum
2216 1332 2359 1377 esse

284 1401 513 1463 Laelio.
570 1400 855 1462 Libenter
896 1399 1170 1461 audirem
1198 1397 1548 1461 Antonium.
1603 1400 1707 1475 Et,
1754 1416 1942 1475 quum
1981 1408 2356 1477 exsurgeret,

286 1485 465 1547 simul
504 1483 822 1546 adridens:
868 1486 1082 1560 Neque
1118 1481 1309 1559 enim,
1356 1482 1550 1559 inquit
1576 1492 1697 1545 tam
1727 1483 1872 1544 mihi
1900 1486 2198 1546 molestus
2231 1483 2358 1558 fuit,

287 1570 457 1645 quod
485 1568 582 1630 ius
611 1578 889 1630 nostrum
918 1567 1096 1629 civile
1126 1567 1434 1644 pervellit,
1477 1568 1659 1643 quam
1699 1567 2035 1642 iucunduS,
2085 1571 2253 1645 quod
2289 1585 2359 1630 se

286 1652 351 1713 id
380 1652 620 1715 nescire
650 1653 977 1715 confessus
1010 1662 1123 1714 est.

686 1971 770 2053 Μ.
841 1970 1241 2053 TULLII
1305 1969 1941 2053 CICERONIS

947 2109 1689 2286 onlssonss

860 2363 1165 2424 LIBER
1224 2361 1782 2424 SECUNDUS.

454 2488 498 2546 1.
546 2486 602 2549 1.
648 2486 872 2561 Magna
899 2483 1080 2543 nobis
1112 2482 1353 2558 pueris,
1388 2481 1606 2557 Quinte
1637 2482 1848 2552 frater,
1884 2478 1936 2541 si
1962 2478 2254 2541 memoria
2277 2487 2359 2539 te-

287 2588 430 2644 nes,
487 2568 695 2647 opinio
756 2567 867 2631 fuit
905 2568 972 2627 L.
1019 2566 1309 2627 Crassum
1354 2582 1476 2625 non
1523 2566 1662 2640 plus
1707 2562 1984 2640 attigisse
2028 2562 2359 2636 doctrinae,

288 2671 470 2729 quam
516 2661 809 2731 quantum
852 2648 1047 2727 prima
1086 2649 1191 2710 illa
1232 2648 1448 2723 puerili
1489 2646 1867 2710 institutione
1904 2649 2236 2722 potuisset;
2279 2646 2361 2706 M.

283 2745 486 2799 autem
526 2735 859 2800 Antonium
904 2732 1151 2796 omnino
1197 2731 1396 2794 omnis
1439 2729 1799 2793 eruditionis
1835 2737 2148 2805 expertem
2178 2739 2363 2804 atque

284 2820 561 2898 ignarum
594 2819 818 2891 suisse3
857 2827 1154 2894 erantque
1183 2815 1355 2878 multi
1386 2817 1522 2891 qui,
1570 2830 1939 2889 quamquam
1998 2829 2121 2873 non
2164 2813 2247 2873 ita
2294 2829 2364 2873 se

284 2921 413 2966 rem
441 2906 670 2967 habere
698 2901 1161 2975 arbitrarentur,
1207 2911 1440 2974 tamen,
1484 2915 1607 2975 quo
1653 2897 1892 2959 facilius
1924 2915 2040 2960 nos
2069 2899 2363 2957 incensos

287 2989 490 3050 studio
544 2986 824 3050 discendi
874 3004 912 3047 a
961 2984 1237 3048 doctrina
1286 2987 1691 3058 deterrerent,
1747 2981 2005 3045 libenter
2048 2981 2140 3056 id,
2195 2980 2359 3056 quod

287 3070 447 3146 dixi,
489 3073 567 3133 de
607 3072 727 3133 illis
773 3069 1119 3132 oratoribus
1163 3068 1621 3145 praedicarent,
1671 3076 1767 3141 ut,
1820 3067 1874 3127 si
1917 3065 2196 3127 homines
2240 3082 2362 3124 non

285 3155 503 3216 eruditi
544 3172 842 3217 summam
888 3163 1100 3215 essent
1144 3153 1530 3229 prudentiam
1573 3159 1758 3228 atque
1785 3148 2208 3210 incredibilem
2237 3148 2363 3207 elo-

287 3238 597 3314 quentiam
638 3236 982 3309 consecuti,
1028 3236 1229 3299 inanis
1275 3234 1473 3298 omnis
1510 3244 1722 3297 noster
1754 3250 1897 3294 esse
1925 3233 2099 3293 labor
2128 3239 2188 3292 et
2217 3232 2363 3291 stul-

285 3330 411 3384 tum
454 3321 517 3383 in
559 3321 739 3384 nobis
781 3320 1136 3383 erudiendis
1178 3319 1371 3396 patris
1400 3317 1626 3393 nostri,
1667 3315 1878 3394 optimi
1913 3332 1987 3375 ac
2017 3312 2364 3390 prudentis-

287 3403 425 3468 simi
456 3404 600 3479 viri,
633 3405 902 3468 studium
929 3405 1259 3467 videretur.
1317 3404 1376 3465 2.
1409 3404 1577 3479 Quos
1612 3411 1756 3474 tum,
1787 3408 1854 3461 ut
1873 3399 2066 3476 pueri,
2099 3400 2365 3461 refutare

286 3488 642 3552 domesticis
683 3488 942 3551 testibus
986 3500 1158 3566 patre
1201 3498 1262 3551 et
1303 3488 1368 3549 C.
1396 3488 1715 3549 Aculeone
1756 3482 2108 3562 propinquo
2152 3495 2363 3545 nostro
