2622 3908
311 235 427 297 158
1105 231 1208 293 DE
1251 230 1618 292 ORATORE

299 384 724 462 prohibentur,
767 384 849 444 ad
887 382 1072 459 pilam
1115 400 1186 445 se
1227 392 1332 444 aut
1364 383 1446 443 ad
1479 384 1635 444 talos
1669 391 1776 443 aut
1808 383 1888 442 ad
1923 391 2194 443 tesseras
2230 397 2374 442 con·

297 471 497 530 ferunt
530 478 635 529 aut
666 466 847 529 etiam
882 484 1107 529 novum
1145 466 1261 529 sibi
1296 465 1420 542 ipsi
1453 466 1722 542 aliquem
1758 466 2114 552 excogitant
2144 463 2206 524 in
2237 465 2370 527 otio

296 554 532 623 ludum,
594 552 685 612 sic
739 550 824 611 illi
867 569 904 611 a
948 549 1207 628 negotiis
1279 550 1546 626 publicis
1589 559 1899 627 tamquam
1933 549 2011 609 ab
2047 565 2239 624 opere
2273 558 2373 611 aul

294 637 674 711 temporibus
709 634 945 697 exclusi
981 645 1086 697 aut
1118 637 1434 696 voluntate
1470 651 1582 695 sua
1620 633 1819 696 feriati
1851 642 2014 695 totos
2053 648 2124 693 se
2158 632 2261 693 alii
2295 633 2376 693 ad

299 723 545 793 poetaS‚
591 720 691 780 aiii
726 720 806 779 ad
841 728 1223 794 geometraS,
1267 718 1371 779 alii
1400 720 1480 778 ad
1508 717 1782 780 musicos
1812 718 2231 791 contulerunt,
2273 715 2377 777 alii

297 804 507 878 etiam,
553 812 621 865 ut
653 802 989 877 dialectici,
1031 820 1261 864 novum
1298 801 1417 864 sibi
1446 801 1566 878 ipsi
1597 801 1867 863 studium
1897 802 2237 876 ludumque
2268 816 2377 876 pe-

297 896 589 964 pererunt
618 896 806 962 atque
837 887 897 946 in
928 886 1005 947 iis
1037 886 1303 960 artibuS,
1339 903 1500 961 quae
1532 896 1815 962 repertae
1845 894 2019 961 sunt,
2051 893 2119 946 ut
2152 900 2376 960 puero—

297 990 433 1032 rum
488 978 723 1032 mentes
776 972 857 1031 ad
919 970 1354 1032 humanitatem
1404 972 1779 1046 fingerentur
1833 978 2020 1045 atque
2069 967 2374 1041 virtutem,

296 1073 476 1117 omne
507 1065 750 1130 tempus
779 1061 965 1131 atque
994 1063 1228 1116 aetates
1272 1071 1422 1115 suas
1463 1062 2000 1129 consumpserunt.
2068 1053 2227 1113 XVI.
2274 1050 2377 1113 59.

298 1140 420 1201 Sed
455 1140 623 1217 quod
658 1148 831 1200 erant
873 1138 1121 1214 quidam
1156 1138 1325 1214 iique
1357 1138 1558 1213 multi,
1610 1138 1716 1214 qui
1762 1147 1867 1199 aut
1911 1136 1972 1198 in
2017 1154 2085 1198 re
2127 1135 2378 1212 publica

298 1234 551 1301 propter
584 1222 944 1299 ancipitem,
982 1240 1141 1299 quae
1176 1241 1298 1285 non
1338 1231 1546 1299 potest
1578 1239 1723 1283 esse
1761 1223 2067 1295 seiuncta,
2111 1217 2376 1283 faciendi

296 1308 667 1384 dicendique
692 1306 1053 1383 sapientiam
1082 1306 1394 1381 florerent,
1424 1316 1490 1368 ut
1509 1306 1969 1381 ThemistocleS,
2002 1314 2068 1366 ut
2090 1303 2377 1379 Pericles,

299 1402 362 1453 ut
381 1392 814 1464 TherameneS,
842 1400 964 1466 aut,
996 1391 1101 1467 qui
1130 1391 1333 1452 minus
1363 1390 1485 1466 ipsi
1515 1389 1576 1450 in
1600 1408 1666 1451 re
1692 1390 1941 1467 publica
1962 1396 2378 1463 versarentur,

297 1475 409 1535 sed
465 1476 647 1536 huius
701 1484 904 1536 tamen
960 1475 1238 1535 eiusdem
1296 1473 1636 1549 sapientiae
1678 1476 1968 1535 doctores
2011 1480 2253 1547 essent,
2313 1480 2380 1533 ut

296 1558 586 1632 Gorgias,
624 1558 1150 1635 ThrasymachuS,
1182 1560 1511 1632 IsocrateS,
1553 1557 1781 1620 inventi
1812 1566 1982 1631 sunt,
2016 1557 2154 1633 qui,
2188 1571 2378 1632 quum

298 1640 419 1718 ipsi
461 1642 741 1702 doctrina
784 1652 845 1703 et
886 1640 1146 1716 ingeniis
1190 1643 1605 1716 abundarent,
1651 1660 1688 1702 a
1718 1659 1785 1702 re
1820 1648 2026 1707 autem.
2052 1639 2218 1701 civili
2247 1648 2310 1701 et
2339 1656 2374 1704 a

298 1727 556 1799 negotiis
622 1725 807 1786 animi
855 1727 1125 1801 quodam
1171 1724 1398 1786 iudicio
1441 1725 1876 1791 abhorrerent.
1929 1725 2088 1785 hanc
2130 1722 2375 1785 dicendi

316 1810 818 1870 exercitationem
838 1807 1219 1883 exagitarent
1233 1815 1419 1882 atque
1435 1815 1916 1878 contemnerent,
1937 1823 2197 1880 quorum
2222 1809 2386 1883 prin—

316 1909 467 1970 ceps
501 1894 793 1954 Socrates
825 1893 955 1953 suit.
1019 1891 1118 1952 60.
1151 1894 1240 1962 Is,
1272 1890 1377 1967 qui
1407 1889 1672 1950 omnium
1706 1889 2082 1950 eruditorum
2111 1891 2385 1953 testimo-

312 1976 413 2040 nio
465 1975 776 2055 totiusque
821 1978 1049 2041 iudicio
1085 1980 1378 2040 Graeciae
1426 1997 1614 2054 quum
1657 1978 1985 2056 prudentia
2019 1987 2080 2041 et
2114 1979 2397 2039 acumine

271 2115 281 2122 .
315 2072 372 2124 et
402 2073 721 2125 venustate
752 2073 813 2125 et
841 2063 1172 2125 subtilitate
1203 2074 1329 2124 tum
1358 2080 1505 2123 vero
1538 2063 1908 2139 eloquentia,
1937 2063 2249 2133 varietate,
2291 2078 2396 2123 co-

316 2147 445 2229 pia,
478 2166 660 2222 quam
693 2165 764 2209 se
795 2164 1059 2223 cumque
1087 2146 1147 2206 in
1179 2156 1415 2223 partem
1445 2147 1737 2221 dedisset,
1775 2146 2045 2208 omnium
2076 2145 2187 2207 suit
2216 2144 2398 2206 facile

315 2229 634 2308 princeps,
668 2232 765 2305 iis,
792 2230 896 2306 qui
921 2231 1093 2301 haec,
1129 2248 1288 2305 quae
1311 2248 1474 2291 nunc
1497 2248 1613 2292 nos
1641 2230 2013 2307 quaerimuS,
2044 2236 2398 2302 tractarent,

313 2322 593 2390 agerent,
638 2316 965 2387 docerent,
1012 2331 1196 2390 quum
1241 2312 1487 2375 nomine
1529 2317 1987 2391 appellarentur
2023 2332 2181 2386 uno,
2226 2311 2400 2389 quod

313 2397 514 2458 omnis
573 2414 776 2458 rerum
832 2396 1198 2472 optimarum
1254 2397 1523 2474 cognitio
1580 2408 1766 2475 atque
1810 2398 1871 2459 in
1916 2398 1994 2460 iis
2036 2396 2399 2459 exercitatio

315 2479 834 2556 philosophia
878 2480 1322 2556 nominaretur,
1368 2483 1488 2544 hoc
1533 2498 1857 2544 commune
1898 2500 2120 2543 nomen
2171 2479 2403 2557 eripuit

314 2561 750 2640 sapienterque
782 2564 1086 2627 sentiendi
1117 2576 1177 2628 et
1206 2574 1420 2629 ornate
1452 2565 1697 2628 dicendi
1727 2566 2141 2636 scientiam,re
2172 2564 2401 2626 cohae-

314 2648 1068 2726 renteS‚disputationibus
1094 2650 1224 2711 suis
1251 2649 1594 2726 separavit3
1625 2652 1801 2712 cuius
1825 2650 2134 2726 ingenium
2157 2647 2401 2709 varios-

316 2749 438 2807 que
470 2751 790 2795 sermones
820 2733 1249 2807 immortalitati
1281 2735 1527 2810 scriptis
1559 2735 1690 2797 suis
1712 2736 1880 2796 Plato
1911 2733 2177 2809 tradidit,
2207 2750 2403 2807 quum

315 2813 452 2891 ipse
482 2817 741 2879 litteram
768 2818 1057 2880 Socrates
1089 2821 1314 2880 nullam
1338 2818 1708 2895 reliquisset.
1751 2819 1853 2882 61.
1889 2818 2044 2880 Hinc
2066 2815 2403 2880 discidium

313 2897 464 2960 illud
500 2901 732 2963 exstitit
774 2902 953 2977 quasi
994 2904 1237 2978 linguae
1278 2913 1464 2978 atque
1500 2902 1739 2981 cordiS,
1783 2904 2119 2965 absurdum
2151 2919 2303 2963 sane
2336 2909 2404 2963 et

315 2981 524 3044 inutile
567 2994 628 3045 et
667 2987 1275 3061 reprehendendum,
1336 2996 1399 3049 ut
1438 2986 1542 3048 alii
1583 3006 1699 3050 nos
1744 3004 1995 3064 sapere,
2042 2986 2145 3048 alii
2188 2985 2403 3047 dicere

314 3068 625 3130 docerent.
669 3070 821 3129 Nam
852 3088 1041 3145 quum
1070 3079 1283 3132 essent
1314 3074 1520 3147 plures
1551 3070 1669 3133 orti
1700 3074 1827 3133 fere
1856 3087 1895 3130 a
1917 3071 2192 3144 Socrate,
2226 3070 2404 3146 quod

315 3168 393 3212 ex
423 3152 585 3215 illius
614 3152 804 3214 variis
835 3163 896 3216 et
924 3154 1187 3216 diversis
1214 3156 1359 3217 etin
1387 3173 1630 3218 omnem
1653 3165 1888 3233 partem
1912 3154 2156 3217 diffusis
2179 3152 2402 3230 dispu-

315 3236 648 3299 tationibus
671 3237 830 3299 alius
853 3238 1020 3299 aliud
1044 3240 1555 3315 apprehenderat,
1580 3239 2033 3317 proseminatae
2057 3247 2202 3300 sunt
2218 3236 2404 3314 quasi

318 3320 583 3382 familiae
600 3320 1033 3383 dissentientes
1049 3321 1207 3383 inter
1222 3341 1292 3384 se
1310 3335 1371 3384 et
1386 3326 1639 3385 multum
1654 3323 1998 3385 disiunctae
2018 3332 2079 3383 et
2091 3323 2401 3399 disparem,

319 3421 507 3477 quum
537 3413 738 3466 tamen
774 3423 991 3467 omnes
1025 3423 1095 3468 se
1138 3405 1492 3484 philosophi
1525 3406 1878 3470 Socraticos
1920 3416 1983 3469 et
2016 3405 2138 3468 dici
2171 3407 2403 3468 vellent

319 3495 380 3546 et
413 3501 556 3546 csse
590 3486 1042 3551 arbitrarentur.
1112 3490 1297 3551 XVII.
1357 3491 1458 3552 62.
1502 3493 1595 3552 Ac
1629 3491 1826 3567 primo
1859 3492 1936 3551 ab
1971 3489 2112 3563 ipso
2143 3490 2403 3553 Platone
