2622 3908
702 233 843 293 [ΑΒ.
869 234 914 293 Ι.
962 235 1128 293 CAP.
1151 243 1395 297 34—35.
1439 240 1491 301 §-
1517 243 1824 297 154—163.
2214 235 2297 298 33

218 389 508 461 foedera,
540 383 892 461 pactiones,
931 402 1121 446 causa
1150 385 1392 462 imperii
1436 389 1876 462 cognoscenda
1925 396 2053 458 est;
2104 388 2296 447 liban-

217 471 335 532 dus
374 479 469 531 est
504 468 684 529 etiam
718 485 799 528 ex
832 469 996 529 omni
1030 486 1259 544 genere
1280 470 1641 531 urbanitatis
1665 471 2020 532 facetiarum
2047 469 2297 547 quidam

216 555 427 629 lepoS,
468 570 592 627 quo
628 562 938 628 tamquam
973 556 1104 614 sale
1140 562 1578 629 perspergatur
1613 555 1809 615 omnis
1846 554 2060 616 oratio.
2128 554 2294 616 Effu-

219 638 283 696 di
317 636 496 697 vobis
534 635 765 708 omnia,
803 654 963 712 quae
994 636 1365 711 sentiebam,
1406 653 1566 711 quae
1597 637 1893 712 fortasse,
1944 655 2294 714 quemcum-

220 736 346 794 que
379 718 876 796 patremfamilias
911 719 1344 795 adripuissetis
1391 736 1472 781 ex
1517 719 1724 796 aliquo
1773 720 2034 794 circulo,
2079 723 2296 783 eadem

218 804 400 864 vobis
436 805 937 878 percontantibus
971 803 1420 879 respondisset.

387 887 628 947 XXXV.
674 886 814 949 160.
858 889 1025 948 Haec
1052 903 1239 962 quum
1263 887 1526 948 Crassus
1550 887 1828 962 dixisset,
1866 885 2172 949 silentium
2203 896 2296 948 est

220 978 640 1031 consecutum.
712 970 837 1031 Sed
873 986 1244 1046 quamquam
1279 970 1431 1031 satis
1465 970 1574 1046 iis,
1625 972 1728 1047 qui
1779 973 2064 1044 aderant,
2100 972 2180 1030 ad
2212 969 2295 1044 id,

219 1054 391 1128 quod
425 1062 556 1115 erat
586 1053 1001 1130 propositum,
1042 1053 1271 1114 dictum
1305 1053 1655 1128 videbatur,
1705 1064 1905 1116 tamen
1954 1053 2299 1116 sentiebant

222 1138 484 1198 celerius
516 1153 659 1198 esse
703 1139 924 1210 multo,
976 1153 1159 1213 quam
1207 1136 1329 1212 ipsi
1377 1139 1631 1213 vellent,
1677 1140 1755 1199 ab
1803 1156 1877 1200 eo
1926 1147 2293 1214 peroratum.

222 1221 373 1281 Tum
404 1220 736 1283 Scaevola:
788 1219 946 1295 Quid
992 1229 1117 1294 est,
1163 1220 1379 1281 Cotta?
1425 1219 1653 1296 inquit,
1691 1220 1837 1296 quid
1873 1220 2136 1282 tacetis?
2195 1220 2295 1281 Ni-

223 1303 390 1364 hilne
425 1303 605 1365 vobis
641 1304 703 1363 in
734 1312 999 1365 mentem
1028 1301 1227 1376 venit,
1264 1305 1433 1379 quod
1479 1313 1797 1381 praeterea
1828 1305 1903 1364 ab
1943 1305 2166 1364 Crasso
2201 1320 2296 1364 re-

224 1387 528 1463 quiratis?
615 1386 756 1449 161.
799 1389 868 1448 Id
903 1389 1270 1462 mehercule,
1304 1387 1532 1464 inquit,
1564 1387 1770 1464 ipsum
1812 1389 2080 1449 attendo.
2143 1389 2294 1448 Tan-

222 1481 320 1532 tus
357 1470 519 1532 enim
555 1488 776 1532 cursus
811 1473 1138 1533 verborum
1176 1470 1286 1532 fuit
1317 1481 1378 1533 et
1412 1471 1502 1533 sic
1535 1473 1802 1534 evolavit
1824 1471 2037 1547 oratio,
2072 1481 2140 1534 ιιι
2161 1470 2295 1533 eius

222 1556 343 1614 vim
378 1565 439 1616 et
471 1553 885 1616 incitationem
934 1554 1314 1631 aspexerim,
1367 1554 1623 1631 vestigia
1673 1555 2146 1632 ingressumque
2194 1555 2296 1616 vix

223 1637 498 1714 viderim,
534 1646 596 1699 et
630 1646 936 1714 tamquam
968 1639 1028 1699 in
1060 1638 1329 1714 aliquam
1359 1641 1729 1716 locupletem
1762 1657 1835 1700 ac
1865 1641 2151 1702 refertam
2187 1640 2294 1700 do·

223 1739 388 1782 mum
424 1722 716 1794 venerim,
753 1739 873 1783 non
907 1722 1213 1799 explicata
1242 1731 1419 1785 veste
1452 1739 1655 1799 neque
1688 1723 2007 1799 proposito
2042 1731 2295 1798 argento

223 1822 429 1881 neque
465 1806 685 1866 tabulis
722 1814 782 1866 et
816 1805 1007 1881 signis
1042 1808 1364 1882 propalam
1413 1806 1760 1881 collocatis,
1813 1808 1926 1867 sed
1974 1806 2069 1866 his
2107 1805 2296 1867 omni-

224 1891 341 1950 bus
390 1887 590 1951 multis
640 1889 1108 1965 magnificisque
1163 1891 1351 1949 rebus
1397 1889 1763 1950 constructis
1811 1906 1885 1949 ac
1931 1891 2295 1951 reconditis·-

223 1973 315 2035 sic
335 1971 571 2046 [modo]
602 1970 664 2032 in
698 1971 981 2033 oratione
998 1972 1203 2033 Crassi
1244 1971 1487 2033 divitias
1532 1980 1718 2052 atque
1763 1982 2117 2034 ornamenta
2163 1974 2296 2035 eius

223 2057 454 2132 ingenii
488 2074 600 2134 per
635 2059 939 2133 quaedam
973 2056 1293 2118 involucra
1325 2063 1512 2131 atque
1536 2055 1949 2131 integumenta
1982 2059 2295 2132 perspexi,

223 2142 339 2201 sed
373 2158 447 2201 ea
482 2141 881 2217 contemplari
915 2157 1103 2217 quum
1137 2157 1458 2216 cuperem,
1506 2138 1613 2200 vix
1645 2138 1989 2216 aspiciendi
2020 2146 2295 2215 potestas

226 2223 355 2285 fuit.
458 2226 668 2300 ltaque
698 2241 814 2285 nec
849 2225 967 2286 hoc
1004 2241 1260 2301 possum
1295 2223 1533 2298 dicere,
1579 2241 1676 2285 me
1713 2224 1959 2286 omnino
1994 2223 2308 2300 ignorare,

206 2306 378 2384 *quid
411 2308 748 2384 possideat,
786 2325 991 2384 neque
1013 2312 1195 2385 plane
1221 2325 1411 2369 nosse
1434 2317 1620 2383 atque
1645 2307 1900 2371 vidisse.
1969 2308 2110 2371 162.
2143 2308 2297 2383 Quin

225 2401 290 2454 tu
322 2390 504 2466 igitur
538 2390 690 2452 facis
725 2391 919 2467 idem,
966 2391 1164 2468 inquit
1215 2392 1551 2461 Scaevola,
1602 2393 1771 2468 quod
1818 2393 2086 2466 facereS,
2137 2392 2191 2454 si
2237 2392 2297 2453 in

225 2474 493 2550 aliquam
526 2475 772 2536 domum
818 2478 1063 2551 plenam
1105 2484 1601 2537 ornamentorum
1644 2475 1931 2537 villamve
1982 2475 2297 2538 venisses=

225 2557 280 2619 si
317 2576 391 2618 ea
422 2557 723 2634 seposita,
760 2568 825 2621 ut
855 2559 1041 2632 dicis,
1079 2568 1318 2631 essent,
1355 2566 1449 2633 tu,
1486 2558 1592 2636 qui
1624 2560 1803 2620 valde
1838 2559 2159 2636 spectandi
2195 2576 2298 2621 cu-

223 2640 410 2720 pidus
446 2658 654 2716 esseS,
690 2659 812 2703 non
849 2642 1160 2703 dubitares
1196 2659 1416 2717 rogare
1452 2642 1781 2715 dominum,
1817 2652 1885 2704 ut
1918 2643 2178 2719 proferri
2210 2645 2295 2704 iu·

228 2728 427 2800 beret,
464 2725 827 2801 praesertim
860 2725 913 2787 si
949 2743 1123 2788 esses
1153 2724 1496 2786 familiaris=
1535 2726 1810 2788 similiter
1858 2742 2019 2787 nunc
2053 2735 2230 2801 petes
2262 2744 2297 2788 a

226 2809 484 2882 Crasso,
520 2817 586 2870 ut
616 2808 778 2870 illam
810 2808 1052 2886 copiam
1084 2819 1577 2872 ornamentorum
1612 2827 1893 2883 suorum,
1932 2826 2117 2885 quam
2153 2826 2293 2870 con-

220 2901 518 2954 structam
553 2910 674 2954 uno
724 2893 786 2953 in
835 2896 973 2954 loco
1021 2893 1201 2969 quasi
1244 2911 1356 2970 per
1398 2902 1789 2955 transennam
1839 2901 2297 2970 praetereuntes

223 2975 480 3038 strictim
512 2978 891 3052 aspeximuS,
929 2977 990 3037 in
1026 2978 1225 3038 lucem
1263 2979 1533 3076 proferat
1568 2987 1629 3040 et
1661 2996 1776 3041 suo
1813 2977 2090 3055 quidque
2124 2976 2184 3038 in
2209 2980 2297 3038 lo·-

222 3076 303 3121 co
333 3060 611 3121 collocet.
706 3060 844 3123 163.
886 3062 1015 3136 Ego
1050 3079 1227 3138 vero,
1263 3060 1459 3137 inquit
1495 3063 1695 3136 Cotta,
1734 3081 1772 3122 a
1807 3071 1865 3124 te
1901 3069 2077 3138 peto,
2114 3061 2291 3122 Scae

221 3145 397 3205 volax
434 3179 517 3189 -
551 3161 649 3204 me
684 3144 844 3205 enim
880 3153 941 3205 et
974 3145 1135 3205 hunc
1170 3144 1509 3222 Sulpicium
1555 3145 1810 3223 impedit
1843 3147 2046 3221 pudor
2076 3144 2153 3204 ab
2189 3144 2292 3204 ho·

220 3226 384 3288 mine
418 3226 687 3289 omnium
718 3226 1119 3303 gravissimo,
1173 3228 1279 3305 qui
1314 3245 1510 3304 genus
1545 3228 1898 3291 huiusmodi
1933 3226 2296 3304 disputatio·

219 3311 318 3372 nis
356 3328 603 3387 semper
651 3310 1122 3388 contempserit,
1173 3312 1358 3386 haec,
1405 3329 1566 3389 quae
1614 3312 1713 3374 isti
1774 3309 2027 3372 forsitan
2076 3327 2297 3387 puero—

222 3412 354 3456 rum
391 3397 692 3456 elementa
740 3396 1089 3467 videantur,
1141 3397 1499 3472 exquirere.
1538 3433 1615 3443 --
1656 3396 1768 3456 sed
1815 3403 1880 3456 tu
1925 3393 2084 3456 hanc
2119 3395 2296 3457 nobis

220 3478 481 3552 veniam,
516 3478 834 3550 Scaevola,
877 3481 985 3540 daz
1023 3480 1281 3554 perfice,
1319 3486 1383 3540 ut
1418 3481 1677 3540 Crassus
1709 3479 1894 3547 haec,
1934 3495 2093 3554 quae
2126 3496 2295 3540 coar-

300 3579 410 3622 cte.
441 3562 487 3621 1.
516 3570 570 3624 2.
1854 3564 1889 3607 ³
