2622 3908
698 236 971 295 LIB.111.
1021 237 1184 296 CAP.
1214 246 1479 298 30—34.
1522 243 1728 304 §.129·
1825 246 1937 299 138.
2172 235 2291 299 175

219 391 494 452 fcrrctur.
566 386 704 449 134.
749 387 916 447 Haec
947 387 1057 449 suit
1083 388 1146 447 P.
1176 388 1382 449 Crassi
1411 387 1573 448 illius
1604 388 1846 463 veteris,
1879 390 2031 449 haec
2060 388 2147 450 Ti.
2178 390 2288 451 Co·

217 470 523 544 runcanii,
578 472 731 532 haec
774 471 991 547 proavi
1031 469 1242 547 generi
1283 471 1430 546 mei,
1479 470 1788 548 Scipionis
1832 471 2288 549 prudentissimi

219 554 483 617 hominis
516 553 844 630 sapientia,
885 554 989 628 qui
1027 572 1242 617 omnes
1283 554 1608 632 pontifices
1640 555 1885 616 maximi
1920 559 2191 631 suerunt,
2228 567 2289 618 ut

218 642 295 700 ad
339 655 452 701 eos
497 640 573 699 de
610 639 892 698 omnibus
925 638 1148 699 divinis
1178 649 1363 714 atque
1393 639 1676 701 humanis
1704 641 1891 701 rebus
1930 643 2289 713 referretur3

219 723 547 798 eidemque
607 722 667 780 in
713 733 933 781 senatu
978 733 1037 781 et
1080 723 1246 797 apud
1293 727 1592 798 populum
1638 725 1793 785 etin
1825 722 2030 784 causis
2063 724 2289 786 amico·

216 825 349 869 rum
372 817 434 868 et
456 804 624 867 domi
646 814 707 866 et
727 805 975 867 militiae
998 806 1321 867 consilium
1345 825 1523 868 suum
1545 808 1852 884 fidemque
1875 809 2288 882 praestabant.

219 890 359 954 135.
407 890 566 964 Quid
596 888 758 949 enim
788 890 867 948 M.
900 889 1113 951 Catoni
1143 899 1386 966 praeter
1419 891 1578 951 hanc
1610 891 2033 967 politissimam
2064 891 2288 954 doctri·

219 993 354 1036 nam
386 974 850 1035 transmarinam
879 983 1064 1050 atque
1094 973 1501 1035 adventiciam
1531 977 1762 1036 defuit?
1803 976 1986 1048 Num,
2020 975 2164 1050 quia
2192 973 2288 1035 ius

217 1058 398 1120 civile
429 1056 744 1129 didicerat,
775 1074 1000 1118 causas
1032 1074 1154 1132 non
1185 1059 1469 1119 dicebat?
1501 1068 1606 1120 aut
1636 1059 1779 1134 quia
1801 1068 2040 1134 poterat
2062 1059 2286 1130 dicere,

218 1141 366 1204 iuris
401 1139 720 1203 scientiam
749 1141 1140 1216 negligebat?
1173 1146 1449 1217 Utroque
1476 1146 1535 1204 in
1582 1160 1809 1218 genere
1835 1141 2285 1218 [etJelaboravil

216 1237 274 1288 et
307 1224 625 1302 praestitit.
690 1225 843 1285 Num
879 1234 1132 1300 propter
1160 1225 1317 1284 hanc
1345 1241 1424 1284 ex
1452 1224 1824 1300 privatorum
1857 1227 2109 1301 negotiis
2163 1226 2282 1286 col-

218 1313 434 1371 lectam
462 1307 714 1384 gratiam
745 1307 976 1370 tardior
1009 1307 1069 1368 in
1098 1324 1166 1369 re
1195 1307 1441 1384 publica
1470 1311 1854 1385 capessenda
1886 1309 2036 1369 fuit?
2097 1310 2286 1370 Nemo

214 1395 383 1470 apud
407 1394 703 1470 populum
728 1391 960 1465 fortior,
991 1408 1170 1452 nemo
1195 1390 1411 1452 melior
1429 1402 1707 1464 senator3
1745 1392 1904 1453 idem
1932 1392 2109 1453 facile
2133 1392 2283 1469 opti—

215 1495 351 1538 mus
383 1476 752 1553 imperator3
777 1475 1047 1552 denique
1076 1474 1222 1536 nihil
1251 1475 1314 1535 in
1343 1475 1460 1537 hac
1491 1476 1732 1538 civitate
1762 1475 2143 1554 temporibus
2168 1476 2286 1537 illis

219 1559 362 1622 sciri
388 1559 626 1621 discive
655 1560 883 1636 potuit,
917 1561 1085 1636 quod
1108 1559 1209 1620 ille
1234 1576 1358 1620 non
1384 1579 1571 1636 quum
1593 1560 1973 1637 investigarit
1998 1570 2060 1622 et
2082 1560 2289 1622 scierit

214 1655 339 1706 tum
373 1643 555 1705 etiam
586 1643 1044 1719 conscripserit.
1112 1643 1251 1705 136.
1296 1645 1470 1705 Nunc
1511 1654 1723 1706 contra
1757 1644 2147 1721 plerique'ad
2179 1646 2287 1706 ho-

214 1745 402 1789 nores
446 1726 888 1803 adipiscendos
931 1736 991 1788 et
1030 1729 1109 1787 ad
1150 1745 1277 1787 rem
1311 1729 1616 1802 publicam
1647 1730 1976 1803 gerendam
2008 1728 2152 1789 nudi
2184 1745 2285 1788 ve-

215 1815 388 1873 niunt
419 1821 606 1888 atque
633 1810 931 1885 inermes,
979 1812 1146 1871 nulla
1180 1810 1531 1885 cognitione
1558 1828 1791 1885 rerum,
1833 1813 1995 1871 nulla
2029 1810 2285 1871 scientia

215 1895 432 1959 ornati.
492 1894 598 1957 Sin
626 1895 850 1972 aliquis
883 1895 1127 1957 excellit
1157 1912 1316 1956 unus
1344 1911 1380 1954 e
1409 1893 1641 1967 multis,
1676 1894 1853 1956 effert
1882 1911 1984 1970 se,
2015 1893 2068 1954 si
2099 1911 2282 1956 unum

211 1979 444 2058 aliquid
475 1981 699 2055 adfert,
743 1989 848 2041 aut
877 1978 1154 2040 bellicam
1190 1977 1470 2040 virtutem
1501 1988 1607 2040 aut
1634 1995 1816 2039 usum
1844 1979 2111 2053 aliquem
2134 1977 2281 2038 mili-

215 2075 435 2134 tarem3
466 2080 625 2139 quae
656 2080 806 2125 sane
835 2080 997 2123 nunc
1023 2063 1269 2139 quidem
1291 2063 1757 2133 obsoleverunt3
1788 2071 1892 2123 aut
1913 2061 2062 2123 iuris
2088 2060 2284 2123 scien-

202 2143 387 2223 tiam,
435 2165 510 2225 ne
553 2146 686 2209 eius
728 2146 977 2223 quidem
1022 2146 1320 2216 universi3
1368 2164 1507 2206 nam
1541 2106 1948 2223 pontificium,
1992 2145 2161 2221 quod
2190 2155 2286 2206 est

212 2195 625 2305 coniunctum,
655 2248 834 2292 nemo
868 2229 1078 2304 discit,
1112 2242 1214 2292 aut
1241 2231 1685 2306 eloquentiam,
1718 2247 1898 2306 quam
1928 2230 1987 2290 in
2020 2231 2285 2290 clamore

209 2328 270 2377 et
299 2316 360 2376 in
394 2317 720 2376 verborum
744 2331 931 2376 cursu
951 2314 1216 2391 positam
1241 2323 1483 2392 putant.
1522 2314 1789 2377 omnium
1815 2331 1962 2375 vero
1987 2315 2284 2374 bonarum

210 2399 459 2472 artium,
507 2398 775 2475 denique
818 2397 1101 2459 virtutum
1136 2398 1410 2474 ipsarum
1447 2399 1799 2461 societatem
1830 2397 2285 2474 cognationem-

211 2500 335 2559 que
378 2498 499 2542 non
545 2492 784 2543 norunt.
849 2483 1115 2542 XXXIV.
1165 2480 1303 2544 137.
1352 2484 1476 2543 Sed
1510 2493 1575 2544 ut
1603 2484 1684 2543 ad
1715 2484 1985 2544 Graecos
2027 2484 2285 2543 reseram

209 2565 583 2636 orationem,
641 2565 864 2641 quibus
899 2583 1109 2626 carere
1134 2567 1251 2626 hoc
1276 2568 1522 2640 quidem
1559 2566 1863 2627 sermonis
1900 2583 2126 2641 genere
2161 2583 2283 2627 non

210 2666 548 2726 possumus
570 2684 656 2695 -
677 2666 817 2710 nam
844 2659 908 2710 ut
939 2650 1174 2710 virtutis
1204 2666 1242 2708 a
1272 2650 1531 2722 nostriS,
1566 2648 1656 2709 sic
1686 2647 2002 2710 doctrinae
2036 2659 2179 2711 sunt
2207 2650 2286 2710 ab

210 2733 333 2794 illis
364 2737 650 2809 exempla
702 2733 970 2805 petenda
1017 2769 1128 2807 —,
1180 2742 1417 2808 septem
1450 2730 1642 2793 ruisse
1673 2732 1955 2792 dicuntur
1983 2749 2107 2792 uno
2135 2740 2283 2792 tem-

214 2833 400 2894 pore,
441 2817 546 2893 qui
578 2817 891 2893 sapientes
923 2826 983 2878 et
1015 2817 1386 2879 haberentur
1412 2825 1474 2877 et
1504 2823 1890 2876 vocarentur.
1961 2814 2036 2875 Hi
2069 2831 2283 2876 omnes

208 2909 457 2977 praeter
485 2900 789 2962 Milesium
826 2901 1052 2962 Thalen
1097 2899 1439 2961 civitatibus
1483 2898 1613 2961 suis
1657 2900 2069 2976 praefuerunt.
2137 2897 2285 2973 Quis

208 2983 457 3046 doctior
496 2986 732 3045 eisdem
765 2984 1146 3060 temporibus
1191 2985 1306 3044 illis
1344 2992 1450 3045 aut
1481 2983 1656 3045 cuius
1694 2982 2045 3060 eloquentia
2075 2982 2285 3044 litteris

205 3067 569 3129 instructior
592 3070 617 3127 s
618 3067 786 3129 uisse
812 3067 1065 3129 traditur
1088 3085 1269 3144 quam
1283 3067 1625 3130 Pisistrati?
1657 3067 1761 3143 qui
1786 3067 2017 3144 primus
2040 3065 2285 3127 Homeri

207 3150 404 3213 libros
442 3153 742 3214 confusos
771 3163 952 3213 antea
981 3150 1072 3211 sic
1101 3151 1494 3226 disposuisse
1522 3152 1769 3223 dicitur,
1808 3161 1872 3212 ut
1907 3159 2067 3212 nunc
2099 3150 2285 3210 habe-

203 3253 348 3296 mus
426 3236 558 3297 Non
584 3235 695 3297 suit
713 3234 817 3297 ille
841 3234 1088 3311 quidem
1109 3235 1347 3295 civibus
1372 3234 1504 3297 suis
1529 3234 1710 3307 utilis,
1745 3236 1856 3295 sed
1885 3234 1967 3294 ita
1995 3234 2287 3308 eloquen-

202 3317 289 3381 tia
322 3319 558 3393 floruit,
609 3328 672 3380 ut
698 3318 915 3380 litteris
948 3317 1351 3394 doctrinaque
1381 3327 1737 3394 praestaret.
1805 3316 1946 3379 138.
1995 3315 2150 3391 Quid
2177 3316 2285 3375 Pe·

200 3401 437 3464 ricles?
481 3405 558 3465 de
589 3402 770 3465 cuius
801 3402 1043 3464 dicendi
1076 3403 1135 3462 vi
1165 3401 1255 3463 sic
1285 3402 1667 3477 accepimuS,
1716 3412 1808 3476 ut,
1855 3419 2042 3477 quum
2072 3409 2286 3462 contra

203 3489 582 3548 voluntatem
609 3486 1076 3549 Atheniensium
1107 3488 1460 3559 loqueretur
1482 3501 1592 3558 pro
1618 3487 1814 3547 salute
1846 3484 2077 3556 patriae
2109 3503 2282 3547 seve·
