2622 3908
299 254 421 318 156
1088 251 1194 312 DE
1244 248 1608 311 ORATORE

295 404 415 479 ille,
448 402 553 479 qui
586 411 909 479 patronum
938 402 1220 477 adhibet,
1250 403 1330 462 de
1359 418 1427 462 re
1456 418 1572 462 sua
1601 401 1852 464 diceret.
1897 401 1998 464 50.
2042 401 2147 463 Isti
2178 400 2365 478 enim,

300 486 405 564 qui
435 488 515 547 ad
549 503 667 547 nos
700 503 925 548 causas
959 488 1272 559 deferunt,
1305 485 1389 546 ita
1422 502 1538 547 nos
1569 487 1933 562 plerumque
1964 485 2086 562 ipsi
2119 486 2367 561 docent,

297 581 363 632 ut
404 587 525 632 non
572 569 893 632 desideres
936 568 1179 646 planius
1225 569 1368 630 dici.
1437 571 1702 630 Easdem
1732 587 1834 631 res
1864 578 2067 633 autem
2110 568 2367 631 simulac

300 655 507 716 Fufius
528 663 634 715 aut
654 663 863 716 vester
883 653 1163 730 aequalis
1176 652 1550 728 Pomponius
1567 670 1753 728 agere
1773 653 1997 730 coepit,
2020 670 2143 714 non
2163 669 2367 729 aeque

300 741 447 815 quid
478 738 710 809 dicant,
748 738 867 799 nisi
895 739 1224 799 admodum
1250 736 1511 811 attendi,
1542 736 1842 812 intelligo;
1877 738 1962 798 ita
1984 738 2243 799 confusa
2269 745 2368 798 est

297 822 492 884 oratio
511 869 524 896 ,
556 824 638 883 ita
662 823 1037 898 perturbata,
1069 821 1211 882 nihil
1236 830 1303 882 ut
1323 821 1402 882 sit
1424 820 1714 896 primum,
1746 821 1894 881 nihil
1914 830 1983 883 ut
2004 821 2368 896 secundum,

298 916 588 982 tantaque
609 905 936 967 insolentia
957 921 1031 965 ac
1053 906 1231 966 turba
1250 906 1579 966 verborum
1593 950 1608 979 ,
1643 913 1707 966 ut
1730 904 1943 979 oratio,
1976 922 2135 981 quae
2161 907 2366 966 lumen

296 990 590 1051 adhibere
630 991 818 1050 rebus
861 990 1071 1062 debet,
1117 1005 1191 1050 ea
1233 988 1668 1049 obscuritatem
1711 998 1774 1050 et
1811 991 2093 1050 tenebras
2129 989 2363 1052 adserat

299 1080 485 1150 atque
507 1083 576 1134 ut
602 1074 1057 1148 quodammodo
1082 1071 1204 1149 ipsi
1223 1072 1341 1134 sibi
1364 1072 1425 1132 in
1450 1072 1714 1133 dicendo
1739 1073 2097 1149 obstrepere
2113 1073 2364 1133 videan-

296 1165 411 1219 tur.
466 1156 567 1218 51.
608 1159 869 1230 Verum,
908 1156 962 1217 si
993 1157 1222 1231 placet,
1260 1156 1550 1232 quoniam
1583 1157 1738 1216 haec
1774 1156 1925 1218 satis
1961 1156 2370 1232 spero-vobis

298 1241 546 1317 quidem
581 1249 746 1301 certe
775 1239 1107 1302 maioribus
1140 1241 1400 1302 molesta
1427 1251 1489 1302 et
1514 1239 1730 1316 putida
1759 1240 1983 1314 videri,
2017 1241 2097 1300 ad
2125 1238 2365 1313 reliqua

298 1325 607 1401 aliquanto
678 1323 996 1385 odiosiora
1044 1340 1390 1400 pergamus.
1461 1325 1615 1384 XIV.
1674 1323 1862 1400 Atqui
1905 1322 2110 1397 vides,
2166 1323 2370 1399 inquit

298 1407 615 1479 AntoniuS,
657 1426 839 1483 quam
864 1408 1017 1469 alias
1041 1423 1143 1467 res
1166 1423 1439 1482 agamus,
1473 1415 1682 1484 [quum
1712 1413 1775 1467 te
1802 1406 1973 1467 inviti
2003 1406 2371 1479 audiamus]

298 1490 403 1566 qui
432 1489 656 1549 adduci
692 1505 1027 1563 possumus
1055 1523 1143 1534 -—-
1175 1490 1255 1550 de
1285 1507 1384 1550 me
1418 1489 1578 1550 enim
1615 1487 1876 1549 coniicio
1908 1520 1993 1532 ———
2025 1485 2253 1548 relictis
2296 1493 2366 1546 ut

295 1575 478 1635 rebus
524 1571 808 1633 omnibus
853 1580 913 1632 te
959 1582 1292 1649 sectemur,
1337 1581 1397 1634 te
1439 1572 1792 1644 audiamus;
1848 1570 1933 1633 ita
1974 1573 2052 1632 de
2093 1567 2369 1632 horridis

294 1659 480 1718 rebus
510 1655 730 1730 nitida,
762 1657 840 1715 de
869 1654 1092 1716 ieiunis
1123 1656 1324 1731 plena,
1354 1658 1433 1718 de
1461 1655 1836 1732 pervulgatis
1866 1669 2028 1717 nova
2058 1654 2366 1730 quaedam

293 1750 390 1803 est
423 1739 616 1802 oratio
656 1749 774 1800 tua.

462 1823 563 1887 52.
614 1824 853 1884 Faciles
898 1821 1093 1899 enim,
1137 1823 1363 1900 inquit,
1407 1821 1666 1896 Antoni,
1711 1832 1920 1899 partes
1964 1836 2076 1883 eae
2121 1823 2368 1882 ruerunt

294 1910 483 1984 duae,
541 1924 696 1986 quas
745 1908 931 1970 modo
984 1907 1341 1985 percucurri
1390 1909 1489 1970 vel
1545 1905 1752 1984 potius
1810 1921 2008 1983 paene
2053 1903 2364 1982 praeterii,

290 1992 503 2054 Latine
547 1992 845 2069 loquendi
892 1993 1203 2070 planeque
1251 1993 1523 2064 dicendi;
1579 1990 1856 2067 reliquae
1898 1998 2042 2052 sunt
2085 2004 2363 2065 magnae,

293 2076 668 2152 implicatae,
705 2075 943 2150 variae,
978 2094 1231 2151 graveS,
1272 2075 1496 2152 quibus
1529 2076 1728 2138 omnis
1761 2073 2077 2135 admiratio
2109 2069 2362 2148 ingenii,

292 2161 490 2222 omnis
522 2163 659 2221 laus
694 2160 1081 2236 eloquentiae
1111 2159 1472 2222 continetur.
1528 2160 1719 2219 Nemo
1752 2158 1915 2219 enim
1945 2174 2236 2234 umquam
2267 2164 2366 2216 est

292 2253 624 2316 oratorem,
662 2243 832 2319 quod
861 2242 1073 2304 Latine
1106 2247 1489 2318 loqueretur,
1524 2241 1875 2305 admiratus.
1943 2240 2009 2303 Si
2043 2252 2140 2303 est
2172 2238 2369 2314 aliter,

292 2326 571 2397 irrident;
602 2343 805 2402 neque
827 2342 965 2386 eum
989 2336 1293 2388 oratorem
1316 2328 1757 2401 tantummodO,
1779 2329 1891 2388 sed
1911 2326 2220 2387 hominem
2240 2340 2368 2384 non

293 2418 520 2487 putant.
598 2411 787 2470 Nemo
823 2409 1039 2471 extulit
1073 2427 1213 2471 eum
1246 2411 1483 2483 verbiS,
1532 2410 1637 2487 qui
1670 2410 1753 2471 ita
1787 2410 2077 2484 dixisset,
2121 2417 2216 2481 ut,
2257 2406 2371 2483 qui

291 2495 613 2565 adessent,
670 2491 1074 2568 intelligerent
1122 2493 1271 2571 quid
1320 2494 1580 2569 diceret,
1629 2494 1744 2554 sed
1791 2491 2160 2569 contempsit
2204 2507 2372 2566 eum,

296 2576 401 2653 qui
450 2574 650 2638 minus
696 2575 760 2637 id
811 2578 1013 2639 facere
1048 2579 1369 2656 potuisset.
1447 2577 1549 2640 53.
1601 2580 1669 2637 ln
1708 2595 1830 2653 quo
1867 2576 2049 2654 igitur
2082 2574 2371 2637 homines

297 2661 788 2722 exhorrescunt?
832 2678 1014 2737 quem
1049 2662 1375 2739 stupefacti
1410 2664 1713 2724 dicentem
1746 2660 2101 2723 intuentur?
2143 2658 2205 2719 in
2240 2675 2371 2733 quo

293 2745 678 2806 exclamant?
708 2763 892 2821 quem
921 2747 1130 2819 deum,
1162 2754 1229 2808 ut
1257 2745 1342 2809 ita
1371 2746 1600 2817 dicam,
1632 2744 1788 2806 inter
1809 2744 2088 2806 homines
2111 2748 2375 2820 putantv

294 2828 406 2903 Qui
438 2828 750 2904 distincte,
789 2828 894 2905 qui
923 2829 1257 2906 explicate,
1302 2831 1409 2906 qui
1441 2831 1853 2904 abundanter,
1893 2828 2001 2904 qui
2033 2826 2375 2889 illuminate

293 2920 355 2973 et
386 2914 572 2973 rebus
602 2920 663 2974 et
696 2913 902 2974 verbis
938 2913 1146 2975 dicunt
1174 2922 1234 2976 et
1261 2913 1322 2974 in
1352 2914 1492 2990 ipsa
1521 2912 1798 2976 oratione
1828 2911 2008 2990 quasi
2038 2911 2374 2988 quemdam

297 3011 613 3056 numerum
643 3012 1016 3072 versumque
1052 2997 1413 3059 conficiunt=
1456 2998 1515 3059 id
1549 3005 1674 3072 est,
1712 2998 1882 3073 quod
1914 2995 2086 3068 dico,
2133 3003 2371 3056 ornate.

295 3078 409 3154 Qui
439 3078 602 3140 idem
626 3080 710 3141 ita
731 3081 1141 3156 moderantur,
1172 3093 1238 3144 ut
1257 3098 1458 3143 rerum
1475 3129 1490 3156 ‚
1520 3090 1587 3143 ut
1611 3097 2017 3158 personarum
2038 3077 2374 3155 dignitates

297 3165 528 3238 ferunt,
557 3162 600 3223 ii
630 3163 860 3226 suntin
891 3181 965 3226 eo
996 3182 1221 3240 genere
1243 3165 1534 3228 laudandi
1557 3165 1787 3238 laudis,
1821 3165 1991 3241 quod
2013 3177 2131 3240 ego
2158 3171 2375 3239 aptum

303 3255 363 3308 et
391 3264 741 3323 congruens
771 3247 1041 3309 nomino.
1096 3247 1197 3311 54.
1246 3250 1361 3325 Qui
1388 3251 1475 3311 ita
1503 3249 1805 3325 dicerent,
1842 3265 1955 3310 eos
1983 3246 2233 3324 negavit
2258 3245 2373 3307 ad-

298 3330 419 3391 huc
455 3347 527 3391 se
561 3331 797 3393 vidisse
828 3333 1132 3395 Antonius
1170 3342 1231 3395 et
1263 3333 1340 3394 iis
1376 3334 1494 3396 hoc
1526 3350 1751 3395 nomen
1788 3331 1942 3394 dixit
1974 3329 2376 3406 eloquentiae

296 3412 453 3473 solis
481 3429 625 3474 esse
654 3414 1061 3477 tribuendum.
1118 3417 1317 3491 Quare
1359 3432 1577 3477 omnes
1611 3418 1768 3478 istos
1788 3434 1887 3477 me
1920 3423 2173 3479 auctore
2209 3413 2375 3475 deri·

294 3494 441 3554 dete
463 3503 652 3559 atoue
675 3498 1043 3560 contemnite
1059 3547 1076 3571 ‚
1111 3499 1311 3576 quise
1334 3501 1582 3576 horum,
1614 3500 1720 3576 qui
1748 3516 1910 3562 nunc
1940 3499 2023 3563 ita
2051 3499 2375 3575 appellan—
