2622 3908
327 222 449 287 176
1114 217 1214 276 DE
1253 215 1616 278 ORATORE

320 375 475 448 riuS,
522 382 721 433 tamen
759 367 823 430 id
858 368 1090 444 ipsum,
1137 370 1305 445 quod
1344 368 1445 429 ille
1486 377 1697 430 contra
1739 369 2073 444 populares
2116 365 2397 428 homines

319 459 576 526 diceret,
630 455 926 532 populare
962 451 1241 513 omnibus
1274 461 1335 513 et
1368 450 1700 513 iucundum
1735 449 2078 512 videreturz
2124 449 2301 511 cuius
2334 453 2396 510 in

316 542 501 604 labris
532 546 771 615 veteres
796 535 1033 610 comici,
1056 534 1236 597 etiam
1263 553 1451 612 quum
1472 536 1556 596 illi
1577 537 1734 596 male
1757 535 2047 607 dicerent,
2081 535 2246 610 quod
2273 543 2397 595 tum

316 622 582 687 Athenis
613 620 745 682 fieri
776 619 1028 688 licebat,
1073 621 1348 695 leporem
1378 619 1693 681 habitasse
1726 618 2013 680 dixerunt
2042 628 2399 693 tantamque

315 710 374 771 in
403 709 622 767 eodem
635 707 758 765 vim
781 703 992 773 fuisse,
1008 701 1145 761 utin
1163 717 1377 760 eorum
1401 700 1728 773 mentibus,
1746 701 1851 776 qui
1872 701 2398 777 audissent,quasi

320 792 572 849 aculeos
618 788 920 863 quosdam
964 787 1355 860 relinqueret.
1426 786 1507 846 At
1535 786 1695 846 hunc
1723 801 1848 845 non
1884 786 2257 846 declamator
2286 783 2400 844 ali·

322 875 459 949 quis
501 873 583 932 ad
626 872 1018 948 clepsydram
1060 873 1278 931 latrare
1322 871 1646 932 docuerat.
1705 869 1846 943 sed,
1902 876 1968 929 ut
2018 869 2395 944 accepimuS,

321 955 745 1017 Clazomenius
774 956 875 1015 ille
903 955 1310 1028 Anaxagoras
1339 952 1434 1013 vir
1464 970 1738 1014 summus
1770 954 1830 1012 in
1864 951 2262 1012 maximarum
2296 969 2398 1014 re-

318 1058 452 1102 rum
476 1039 749 1102 scientia.
807 1040 1021 1114 ltaque
1042 1037 1141 1097 hic
1166 1036 1462 1111 doctrina,
1494 1036 1773 1110 consilio,
1808 1035 2160 1112 eloquentia
2188 1037 2398 1096 excel-

319 1126 454 1186 lens
501 1123 906 1200 quadraginta
948 1119 1123 1182 annis
1190 1122 1456 1197 praefuit
1486 1119 1743 1182 Athenis
1787 1130 1848 1181 et
1886 1119 2137 1181 urbanis
2172 1120 2396 1180 eodem

318 1219 595 1284 tempore
619 1217 679 1268 et
701 1205 938 1267 bellicis
961 1206 1166 1266 rebus.
1213 1203 1355 1267 139.
1383 1204 1540 1279 Quid
1556 1203 1770 1265 Critias
1785 1211 1816 1262 ‘e
1836 1203 1983 1280 quid
1997 1202 2399 1264 Alcibiades?

320 1291 666 1354 civitatibus
691 1285 936 1361 quidem
988 1285 1119 1348 suis
1151 1306 1274 1349 non
1303 1288 1481 1362 boni,
1518 1289 1632 1349 sed
1662 1296 1824 1348 certe
1855 1288 2021 1349 docti
2049 1297 2235 1363 atque
2265 1288 2394 1348 elo-

320 1385 599 1452 quenteS,
622 1391 828 1436 nonne
844 1370 1173 1434 Socraticis
1199 1383 1373 1434 crant
1396 1370 1913 1448 disputationibus
1940 1371 2202 1435 eruditi?
2245 1371 2395 1445 Quis

318 1459 577 1521 Dionem
602 1457 1003 1536 Syracosium
1033 1455 1328 1517 doctrinis
1361 1456 1644 1518 omnibus
1669 1454 2006 1531 expolivit?
2033 1472 2155 1516 non
2182 1456 2398 1515 Plato?

318 1552 503 1618 atque
536 1559 675 1602 eum
704 1540 865 1601 idem
899 1540 999 1600 ille
1029 1557 1150 1601 non
1194 1539 1439 1614 linguae
1483 1543 1714 1613 solum,
1753 1555 1963 1599 verum
1996 1538 2178 1601 etiam
2205 1537 2393 1599 animi

319 1643 392 1686 ac
424 1624 660 1687 virtutis
690 1623 982 1699 magister
1008 1624 1088 1683 ad
1119 1622 1495 1684 liberandam
1525 1622 1782 1698 patriam
1805 1622 2057 1698 impulit,
2088 1621 2397 1697 instruxit,

320 1709 595 1771 armavit.
668 1707 903 1769 Aliisne
944 1707 1127 1784 igitur
1166 1706 1397 1769 artibus
1428 1708 1591 1768 hunc
1621 1707 1879 1768 Dionem
1915 1705 2174 1768 instituit
2200 1706 2395 1781 Plato,

320 1794 456 1856 aliis
499 1797 803 1855 Isocrates
847 1791 1250 1853 clarissimum
1278 1789 1475 1852 virum
1505 1791 1882 1852 Timotheum
1915 1790 2182 1852 Cononis
2214 1806 2393 1865 prae-

323 1877 682 1941 stantissimi
711 1875 1098 1952 imperatoris
1130 1877 1350 1948 filium,
1397 1893 1698 1937 summum
1727 1874 1932 1950 ipsum
1962 1873 2395 1951 imperatorem

320 1962 755 2038 hominemque
798 1960 1266 2023 doctissimum?
1307 1970 1413 2023 aut
1452 1960 1590 2022 aliis
1618 1960 2044 2039 Pythagoreus
2078 1958 2178 2021 ille
2206 1959 2396 2036 Lysis

316 2047 669 2108 Thebanum
690 2044 1193 2122 Epaminondam,
1219 2044 1383 2106 haud
1407 2043 1537 2106 scio
1562 2061 1640 2104 an
1666 2060 1968 2105 summum
1989 2042 2184 2103 virum
2206 2060 2396 2104 unum

319 2132 517 2192 omnis
563 2128 907 2190 Graeciae?
956 2138 1061 2190 aut
1097 2129 1441 2205 Xenophon
1481 2126 1882 2203 Agesilaum?
1936 2136 2041 2188 aut
2082 2126 2395 2208 Philolaus

320 2214 652 2290 Archytam
681 2213 1113 2273 Tarentinum?
1152 2220 1257 2273 aut
1296 2211 1435 2287 ipse
1463 2212 1842 2289 Pythagoras
1874 2220 2060 2272 totam
2095 2210 2257 2271 illam
2285 2227 2396 2270 ve—

321 2313 508 2359 terem
536 2296 743 2357 Italiae
774 2295 1123 2368 Graeciam,
1168 2311 1327 2370 quae
1360 2297 1668 2370 quondam
1710 2312 1933 2371 magna
1961 2293 2228 2356 vocitata
2256 2301 2399 2355 est?

319 2381 557 2441 XXXV.
605 2377 743 2439 140.
788 2378 1089 2453 Equidem
1124 2395 1248 2438 non
1277 2378 1556 2440 arbitror.
1615 2378 1718 2440 Sic
1750 2378 1912 2440 enim
1942 2378 2156 2450 video,
2206 2395 2393 2439 unam

319 2464 646 2536 quamdam
671 2462 940 2521 omnium
961 2479 1182 2536 rerum,
1213 2479 1374 2539 quae
1395 2472 1608 2525 essent
1626 2461 1873 2524 homine
1901 2462 2140 2523 erudito
2168 2460 2398 2537 dignae

317 2555 504 2621 atque
534 2563 629 2619 eo,
663 2544 853 2621 quiin
876 2562 944 2605 re
969 2546 1215 2621 publica
1236 2548 1423 2608 vellet
1444 2547 1767 2621 excellere,
1801 2545 1994 2608 ruisse
2017 2544 2394 2616 doctrinam;

320 2646 502 2706 quam
546 2628 649 2706 qui
691 2628 1113 2705 accepissent,
1158 2630 1211 2691 si
1243 2629 1443 2691 eidem
1471 2629 1718 2706 ingenio
1750 2632 1830 2690 ad
1870 2628 2397 2707 pronuntiandum

315 2713 657 2776 valuissent
685 2722 745 2775 et
775 2731 845 2775 se
874 2715 953 2774 ad
984 2713 1309 2775 dicendum
1343 2725 1593 2790 quoque
1622 2731 1746 2774 non
1770 2722 2155 2790 repugnante
2177 2722 2399 2774 natura

318 2797 667 2873 dedissent,
700 2797 1054 2874 eloquentia
1081 2797 1491 2875 praestitisse.
1556 2796 1697 2859 141.
1742 2799 1959 2873 Itaque
1989 2797 2126 2874 ipse
2154 2795 2398 2857 Aristo-

315 2884 470 2944 teles
503 2900 689 2957 quum
719 2880 943 2943 florere
964 2884 1298 2944 Isocratem
1328 2879 1640 2943 nobilitate
1671 2881 2112 2957 discipulorum
2134 2880 2397 2955 videret,

318 2966 489 3041 quod
511 2967 626 3026 ,ille
677 2982 824 3025 suas
864 2965 1314 3041 disputationes
1346 2982 1384 3024 a
1414 2964 1620 3026 causis
1650 2965 2001 3027 forensibus
2026 2974 2087 3026 et
2107 2962 2399 3025 civilibus

316 3050 397 3110 ad
419 3048 660 3109 inanem
688 3050 990 3110 sermonis
1013 3049 1378 3125 elegantiam
1400 3048 1831 3123 transtulisset,
1861 3046 2116 3111 mutavit
2137 3058 2400 3123 repente

316 3144 505 3196 totam
550 3135 807 3194 formam
846 3150 1044 3209 prope
1081 3133 1445 3209 disciplinae
1480 3150 1631 3194 suae
1659 3150 2035 3209 versumque
2067 3133 2401 3208 quemdam

315 3217 687 3280 Philoctetae
714 3218 921 3292 paullo
945 3234 1130 3279 secus
1155 3217 1326 3279 dixit.
1371 3218 1480 3278 Ille
1501 3218 1662 3278 enim
1692 3226 1867 3293 turp
1886 3234 1921 3277 e
1957 3214 2075 3277 sibi
2098 3215 2184 3277 ait
2214 3233 2250 3277 e
2267 3234 2298 3277 s
2317 3233 2404 3278 se

315 3311 611 3374 tacere,
638 3318 862 3376 quum
890 3302 1303 3377 barbaroS‚
1326 3300 1426 3361 hic
1455 3311 1690 3375 autem,
1722 3318 1944 3377 quum
1965 3302 2400 3362 Isocratem

221 3399 236 3406 ⁹
320 3399 359 3455 p
374 3397 445 3443 at
461 3400 497 3443 e
511 3402 541 3442 r
555 3402 590 3444 e
606 3395 680 3445 tu
694 3402 725 3443 r
759 3386 796 3444 d
813 3383 831 3444 i
849 3401 882 3444 c
897 3401 931 3443 e
945 3402 976 3444 r
989 3401 1043 3445 e.
1103 3386 1319 3460 Itaque
1349 3384 1588 3446 ornavit
1614 3394 1677 3445 et
1703 3382 2026 3445 illustravit
2053 3382 2403 3446 doctrinam

329 3460 492 3522 illam
535 3483 774 3528 omnem
804 3485 1131 3544 rerumque
1161 3467 1571 3544 cognitionem
1602 3485 1739 3529 cum
1770 3466 2067 3530 orationis
2097 3467 2406 3529 exercita·
