2622 3908
342 276 426 337 66
1119 271 1218 332 DE
1263 269 1627 331 ORATORE

511 425 662 484 Tum
711 441 926 485 omnes
970 425 1187 484 oculos
1230 420 1293 482 in
1335 420 1669 483 Antonium
1713 419 2139 505 conieceruntz
2196 433 2256 485 et
2290 426 2403 498 ille,

348 505 569 570 Audite
607 524 792 581 vero,
845 505 1081 580 audite,
1131 504 1347 582 inquit.
1438 505 1763 566 Hominem
1813 505 1974 566 enim
2023 505 2284 567 audietis
2332 509 2406 570 de

345 592 560 652 schola
598 600 784 667 atque
826 607 863 650 a
903 589 1195 665 magistro
1237 598 1299 650 et
1328 589 1578 650 Graecis
1613 587 1828 651 litteris
1857 588 2179 650 eruditum.
2235 590 2309 653 Et
2334 609 2405 652 eo

346 674 595 751 quidem
630 676 850 750 loquar
890 672 1330 746 confidentiae,
1376 674 1544 748 quod
1575 673 1823 734 Catulus
1859 672 2102 734 auditor
2130 673 2406 748 accessit,

344 757 444 819 cui
488 773 612 818 non
654 759 855 819 solum
896 773 1012 818 nos
1055 756 1250 817 Latini
1293 758 1627 831 sermonis,
1666 757 1781 817 sed
1823 756 2004 818 etiam
2034 757 2253 817 Graeci
2292 757 2408 834 ipsi

347 843 546 904 solent
604 858 755 902 suae
799 840 1043 916 linguae
1086 839 1477 901 subtilitatem
1516 839 2007 917 elegantiamque
2050 842 2406 902 concedere.

345 925 444 988 29.
491 924 617 986 Sed
648 923 794 1000 quia
819 933 1020 993 tamen
1049 923 1166 985 hoc
1196 931 1417 997 totum,
1449 923 1754 999 quidquid
1775 933 1897 996 est,
1933 924 2067 985 sive
2094 924 2410 986 artificium

344 1008 478 1072 sive
523 1006 789 1070 studium
830 1005 1103 1081 dicendi,
1151 1006 1271 1068 nisi
1310 1007 1580 1069 accessit
1615 1025 1719 1081 OS,
1759 1009 1990 1069 nullum
2018 1016 2226 1083 potest
2253 1025 2408 1083 esse,

342 1092 583 1154 docebo
625 1109 772 1165 voS,
813 1090 1134 1166 discipuli,
1175 1090 1270 1165 id,
1317 1092 1486 1168 quod
1529 1090 1668 1168 ipse
1713 1090 1836 1151 non
1880 1090 2097 1167 didici,
2145 1091 2292 1168 quid
2336 1092 2410 1152 de

345 1175 511 1238 omni
550 1192 776 1251 genere
821 1174 1064 1235 dicendi
1103 1174 1381 1236 sentiam.
1452 1173 1554 1235 30.
1597 1174 1711 1235 Hic
1746 1184 2155 1251 posteaquam
2184 1175 2409 1236 adrise-

342 1267 511 1333 runt,
542 1261 667 1320 Res
693 1258 840 1320 mihi
861 1257 1105 1320 videtur
1132 1275 1308 1333 esse,
1338 1258 1564 1334 inquit,
1600 1260 1883 1321 facultate
1910 1260 2260 1335 praeclara,
2288 1268 2412 1321 arte

344 1342 692 1405 mediocris.
748 1347 870 1403 Ars
902 1342 1064 1403 enim
1092 1359 1301 1404 earum
1329 1360 1535 1405 rerum
1565 1350 1691 1418 est,
1736 1359 1897 1418 quae
1927 1342 2227 1404 sciuntur:
2282 1360 2413 1404 ora-

343 1427 494 1488 toris
525 1436 726 1486 autem
757 1424 955 1487 omnis
990 1424 1151 1487 actio
1184 1425 1611 1502 opinionibus»,
1656 1443 1782 1487 non
1813 1425 2101 1499 scientia,
2145 1424 2410 1488 contine-

346 1520 459 1573 tur.
521 1510 672 1569 Nam
702 1518 762 1570 et
790 1509 957 1585 apud
986 1526 1096 1571 eos
1128 1509 1418 1584 dicimuS,
1462 1509 1566 1587 qui
1595 1508 1908 1584 nesciunt,
1945 1519 2005 1570 et
2034 1527 2108 1571 ea
2138 1509 2420 1583 dicimus,

349 1610 508 1670 quae
536 1591 845 1653 nescimus
875 1592 1014 1669 ipsi.
1071 1595 1285 1670 Itaque
1316 1603 1376 1655 et
1404 1594 1488 1655 illi
1517 1593 1670 1655 alias
1696 1593 1861 1656 aliud
1884 1593 2104 1654 iisdem
2129 1595 2207 1653 de
2229 1596 2415 1654 rebus

345 1685 405 1739 et
450 1676 719 1738 sentiunt
760 1686 820 1738 et
861 1675 1131 1738 iudicant
1172 1687 1233 1738 et
1276 1694 1393 1739 nos
1423 1677 1761 1740 contrarias
1794 1695 1985 1754 saepe
2017 1694 2240 1739 causas
2272 1677 2415 1738 dici-

345 1778 513 1836 mus,
558 1777 680 1821 non
719 1762 903 1822 modo
946 1768 1014 1822 ut
1055 1762 1315 1822 Crassus
1360 1772 1573 1824 contra
1610 1780 1707 1823 me
1747 1761 1910 1823 dicat
1952 1761 2285 1839 aliquando
2316 1770 2421 1822 aut

345 1863 462 1922 ego
508 1852 720 1906 contra
762 1845 1077 1919 Crassum,
1123 1862 1313 1920 quum
1358 1846 1627 1908 alterutri
1669 1863 1932 1907 necesse
1971 1845 2050 1907 sit
2079 1847 2300 1906 falsum
2330 1845 2415 1906 di-

347 1946 510 2006 cere,
568 1929 682 1991 sed
724 1927 907 1991 etiam
932 1937 1000 1991 ut
1027 1938 1285 2007 uterque
1316 1939 1592 1994 nostrum
1622 1933 1838 1993 eadem
1868 1931 1945 1991 de
1974 1947 2042 1991 re
2069 1928 2222 1991 alias
2253 1928 2420 1990 aliud

346 2015 664 2088 defendat,
712 2032 899 2089 quum
945 2016 1085 2090 plus
1114 2031 1238 2075 uno
1272 2032 1483 2077 verum
1511 2032 1654 2077 esse
1683 2032 1807 2075 non
1838 2013 2060 2089 possit.
2134 2015 2213 2074 Ut
2240 2013 2422 2090 igitur

345 2098 406 2158 in
438 2096 743 2159 eiusmodi
770 2114 867 2170 re,
915 2114 1074 2173 quae
1103 2098 1425 2159 mendacio
1457 2098 1602 2158 nixa
1633 2099 1739 2172 sit,
1784 2114 1945 2172 quae
1993 2099 2071 2155 ad
2104 2096 2425 2157 scientiam

347 2199 469 2243 non
493 2197 680 2256 saepe
700 2179 1048 2255 perveniat,
1084 2198 1243 2255 quae
1266 2180 1590 2257 opiniones
1614 2180 1927 2241 hominum
1950 2188 2012 2240 et
2037 2196 2228 2255 saepe
2252 2197 2422 2241 erro-

351 2280 448 2325 res
472 2270 827 2338 aucupetur,
850 2261 934 2323 ita
956 2262 1173 2332 dicam,
1201 2263 1255 2323 si
1279 2280 1529 2324 causam
1553 2262 1779 2339 putatis
1804 2280 1965 2336 esse,
1997 2280 2108 2324 cur
2134 2263 2426 2325 audiatiS.

513 2347 673 2406 VIII.
730 2343 831 2405 31.
875 2347 1002 2407 Nos
1046 2362 1194 2407 vero
1238 2354 1300 2407 et
1339 2347 1521 2407 valde
1566 2346 1843 2422 quidem,
1901 2346 2149 2408 Catulus
2204 2345 2424 2422 inquit,

351 2438 631 2507 putamus
660 2435 844 2503 atque
873 2446 949 2491 eo
981 2429 1206 2506 magiS,
1242 2432 1410 2506 quod
1446 2432 1609 2492 nulla
1638 2430 1783 2491 mihi
1814 2430 2222 2494 ostentatione
2251 2430 2425 2492 vide·

350 2513 432 2573 ris
477 2530 620 2574 esse
662 2530 906 2575 usurus.
987 2514 1266 2575 Exorsus
1309 2532 1379 2575 es
1424 2514 1585 2576 enim
1628 2532 1751 2576 non
1795 2513 2094 2592 gloriose,
2142 2516 2340 2591 magis
2389 2532 2429 2575 a

356 2597 632 2669 veritate,
675 2606 741 2657 ut
785 2604 848 2657 tu
892 2606 1102 2673 putaS‚
1152 2616 1335 2674 quam
1369 2616 1407 2659 a
1435 2598 1645 2661 nescio
1678 2616 1800 2675 qua
1831 2598 2141 2675 dignitate.
2197 2598 2301 2660 32.
2343 2599 2430 2659 Ut

348 2679 528 2757 igitur
557 2681 636 2741 de
664 2679 804 2756 ipso
835 2697 1060 2757 genere
1091 2700 1226 2744 sum
1255 2683 1611 2757 confessus,
1644 2682 1840 2757 inquit
1861 2683 2196 2758 AntoniuS‚
2228 2690 2426 2743 artem

349 2782 493 2826 esse
523 2781 646 2826 non
675 2765 1017 2840 maximam,
1051 2767 1141 2827 sic
1169 2765 1320 2827 illud
1349 2767 1622 2840 adfirmo,
1655 2776 1987 2843 praecepta
2014 2783 2206 2843 posse
2232 2783 2426 2842 quae-

350 2849 489 2909 dam
536 2848 666 2909 dari
711 2858 1002 2924 peracuta
1037 2850 1116 2911 ad
1143 2852 1612 2925 pertractandos
1642 2850 1882 2911 animos
1911 2850 2221 2911 hominum
2251 2861 2315 2911 et
2345 2850 2431 2909 ad

351 2931 747 3007 excipiendas
790 2950 1001 2993 eorum
1044 2934 1411 2996 voluntates.
1479 2933 1672 2995 Huius
1715 2934 1805 2996 rei
1850 2933 2167 2996 scientiam
2197 2934 2247 2994 si
2281 2934 2432 3008 quis

351 3017 516 3076 volet
544 3031 824 3090 magnam
855 3018 1182 3092 quamdam
1211 3026 1403 3079 artem
1433 3035 1577 3079 esse
1608 3017 1846 3092 dicere,
1888 3036 2010 3079 non
2038 3017 2432 3094 repugnabo.

353 3097 589 3159 Etenim
640 3117 824 3173 quum
874 3098 1154 3177 plerique
1202 3109 1432 3163 temere
1480 3118 1554 3162 ac
1605 3104 1770 3163 nulla
1816 3101 2053 3163 ratione
2093 3118 2320 3161 causas
2366 3098 2434 3160 in

352 3184 486 3244 foro
518 3181 750 3247 dicant.
797 3184 1071 3244 nonnulli
1106 3192 1308 3246 autem
1340 3193 1590 3262 propter
1618 3184 2117 3246 exercitationem
2145 3194 2250 3246 aut
2278 3200 2438 3259 pro-

351 3269 1011 3342 pterconsuetudinem
1025 3268 1289 3344 aliquam
1306 3268 1586 3329 callidius
1627 3268 1691 3328 id
1737 3269 1988 3343 faciant,
2029 3286 2151 3329 non
2186 3276 2282 3329 est
2312 3268 2438 3327 du-

351 3349 518 3411 bium
564 3350 740 3426 quin,
782 3353 833 3412 si
866 3351 1005 3427 quis
1045 3352 1566 3422 animadverterit,
1614 3352 1761 3426 quid
1792 3350 1899 3426 sit,
1942 3370 2131 3427 quare
2164 3350 2268 3412 alii
2297 3367 2440 3410 me—

353 3434 472 3493 lius
514 3452 695 3508 quam
737 3433 838 3494 alii
869 3434 1100 3508 dicant,
1142 3436 1205 3494 id
1241 3433 1443 3509 possit
1470 3443 1703 3496 notare.
1768 3436 1929 3510 Ergo
1970 3434 2033 3496 id
2067 3437 2170 3511 qui
2201 3443 2332 3496 toto
2368 3432 2439 3494 in

355 3531 578 3587 genere
605 3517 840 3586 fecerit,
873 3518 926 3577 is
953 3519 1003 3579 si
1029 3535 1152 3579 non
1178 3521 1361 3594 plane
1390 3527 1609 3592 artem,
1650 3526 1712 3579 at
1754 3517 1933 3592 quasi
1976 3528 2166 3579 artem
2211 3534 2442 3590 quam-
