2622 3908
682 234 822 292 LIB.
848 235 917 291 11.
967 232 1129 292 CAP.
1155 241 1418 293 38—40.
1445 237 1516 298 ws.
1543 241 1739 294 160—
1758 239 1876 323 ¹⁷¹·
2219 230 2308 319 ‚97

246 404 364 447 sua
408 394 630 459 sponte
679 382 1052 454 faciendum;
1097 383 1259 444 aliud
1306 383 1655 457 consilium,
1704 384 2067 460 superbum3
2114 400 2309 459 suum,

244 471 588 544 adrogan83
633 467 927 528 utendum
954 466 1136 542 igitur
1168 466 1277 527 ruit
1308 466 1565 528 consilio
1600 475 1867 528 senatus.
1925 465 1991 527 Si
2019 483 2099 528 ex
2126 484 2308 528 voca-

194 550 424 624 “bulo,
471 561 538 613 ut
579 551 805 611 Oarbo=
866 550 930 610 Si
975 552 1192 612 consul
1235 559 1359 625 est,
1405 550 1509 626 qui
1554 551 1817 612 consulit
1859 550 2124 627 patriae,
2166 550 2307 626 quid

243 635 413 696 aliud
445 633 587 695 fecit
618 633 934 708 Opimius?
977 634 1117 696 166.
1163 634 1265 694 Sin
1298 635 1376 693 ab
1411 650 1507 708 e0,
1540 636 1707 709 quod
1733 651 1862 695 rem
1892 634 2141 709 attingit,
2176 637 2310 711 plu-

244 736 347 780 res
399 727 542 779 sunt
591 727 1082 791 argumentorum
1135 719 1320 778 sedes
1362 734 1434 777 ac
1476 717 1615 778 loci.
1679 719 1831 777 Nam
1882 729 1943 778 et
1987 717 2310 779 coniuncta

248 818 616 878 quaeremus
642 811 702 862 et
726 817 952 880 genera
973 810 1031 862 et
1050 812 1259 876 partes
1283 801 1609 875 generibus
1636 802 1943 862 subiectas
1963 810 2023 862 et
2037 801 2307 863 similitu-

247 885 427 945 dines
461 894 522 946 et
550 883 1076 947 dissimilitudines
1103 893 1164 945 et
1188 884 1492 946 contraria
1521 894 1582 945 et
1614 882 2060 960 consequentia
2082 894 2143 946 et
2166 901 2307 945 con-

246 975 544 1029 sentanea
572 974 632 1028 et
671 968 849 1044 quasi
877 968 1333 1044 praecurrentia
1360 978 1421 1030 et
1445 967 1847 1044 repugnantia
1876 977 1936 1029 et
1964 984 2186 1028 causas
2214 985 2307 1026 re-

245 1070 379 1112 rum
413 1050 848 1124 vestigabimus
878 1060 938 1113 et
966 1069 1069 1126 ea,
1103 1068 1262 1127 quae
1291 1069 1372 1112 ex
1408 1051 1615 1112 causis
1641 1063 1772 1113 orta
1794 1051 1946 1123 sint;
1979 1061 2038 1113 et
2059 1051 2310 1127 maiora,

248 1135 448 1211 paria,
492 1134 730 1194 minora
772 1152 1157 1210 quaeremus.
1220 1137 1342 1195 XL.
1388 1133 1528 1197 167.
1569 1136 1664 1194 Ex
1710 1135 2049 1197 coniunctis
2095 1134 2185 1195 sic
2214 1152 2305 1195 ar-

247 1228 535 1294 gumenta
564 1219 899 1279 ducuntur=
947 1219 1011 1279 Si
1042 1217 1250 1294 pietati
1280 1235 1517 1278 summa
1543 1217 1862 1279 tribuenda
1888 1220 2023 1278 laus
2045 1228 2169 1291 est,
2202 1219 2307 1278 de-

249 1303 405 1363 betis
455 1301 722 1372 moveri,
776 1321 959 1378 quum
1009 1302 1075 1376 Q.
1115 1302 1423 1362 Metellum
1466 1311 1586 1362 tam
1628 1301 1730 1378 pie
1774 1304 1983 1377 lugere
2027 1300 2297 1362 videatis·

242 1388 332 1446 Ex
364 1404 594 1464 genere
626 1397 858 1449 autem:
893 1388 957 1448 Si
987 1387 1380 1463 magistratus
1410 1386 1470 1446 in
1502 1386 1718 1463 populi
1746 1386 2004 1446 Romani
2037 1403 2181 1447 esse
2211 1402 2292 1460 po

242 1480 469 1533 testate
497 1473 741 1544 debent,
774 1472 923 1545 quid
944 1472 1295 1531 Norbanum
1318 1487 1598 1542 accusem,
1626 1471 1801 1530 cuius
1830 1470 2177 1531 tribunatus
2201 1470 2293 1528 ‘vo

244 1562 455 1625 luntati
491 1561 693 1637 paruit
733 1559 1036 1621 civitatis?
1098 1559 1238 1620 168.
1275 1558 1370 1616 Ex
1415 1564 1587 1631 parte
1627 1562 1828 1615 autem
1857 1569 1962 1627 ea,
2013 1566 2171 1626 quae
2209 1561 2299 1644 est

244 1646 521 1710 subiecta
554 1643 796 1720 generi:
853 1642 920 1703 Si
948 1659 1194 1715 omneS‚
1224 1639 1332 1715 qui
1360 1639 1448 1700 rei
1475 1637 1759 1714 publicae
1791 1635 2146 1706 consulunt,
2178 1648 2303 1691 carl

245 1729 426 1792 nobis
456 1745 600 1790 esse
630 1729 881 1801 debent,
914 1737 1078 1787 certe
1107 1722 1381 1800 inprimis
1411 1723 1845 1796 imperatoreS‚
1877 1733 2136 1794 quorum
2159 1731 2301 1775 con-

247 1813 398 1876 siliis
416 1858 433 1886 ,
462 1810 710 1886 virtute,
745 1809 1033 1887 periculis
1061 1808 1393 1869 retinemus
1424 1814 1485 1865 et
1513 1814 1783 1864 nostram
1814 1803 2074 1861 salutem
2109 1807 2167 1856 et
2196 1799 2302 1857 im-

247 1895 401 1975 perii
452 1894 822 1972 dignitatem.
899 1895 993 1952 Ex
1039 1890 1430 1951 similitudine
1476 1895 1707 1948 autem=
1776 1883 1842 1944 Si
1887 1885 2051 1944 ferae
2093 1886 2303 1956 partus

246 1998 398 2043 suos
436 1979 720 2055 diligunt,
765 1996 888 2054 qua
928 1994 1045 2037 nos
1086 1976 1148 2034 in
1191 1974 1421 2033 liberos
1462 1978 1708 2031 nostros
1750 1964 2123 2041 indulgentia
2164 1979 2304 2023 esse

249 2064 586 2126 debemus?
610 2088 614 2090 Δ
639 2062 780 2125 169.
835 2062 915 2122 At
958 2076 1037 2119 ex
1079 2054 1604 2118 dissimilitudine=
1661 2052 1725 2112 Si
1767 2050 2165 2111 barbarorum
2213 2055 2306 2106 est

250 2156 305 2209 ln
336 2148 501 2207 diem
526 2146 751 2220 vivere,
786 2153 998 2205 nostra
1021 2140 1278 2203 consilia
1300 2137 1736 2213 sempiternum
1758 2144 2001 2208 tempus
2026 2139 2306 2228 spectare

251 2231 493 2293 debent.
546 2233 750 2305 Atque
779 2239 1041 2304 utroque
1063 2225 1124 2287 in
1149 2240 1375 2301 genere
1402 2231 1461 2284 et
1484 2218 1893 2283 similitudInis
1916 2225 1976 2278 et
2000 2215 2304 2275 d1ss1m111-

251 2314 476 2377 tudinis
499 2315 782 2388 exempla
804 2321 945 2374 sunt
966 2328 1046 2371 ex
1062 2310 1316 2371 aliorum
1341 2305 1518 2368 factis
1533 2317 1637 2367 aut
1659 2302 1838 2365 dictis
1862 2309 1966 2361 aut
1987 2298 2225 2359 eventis
2249 2306 2310 2357 et

250 2401 428 2459 fictae
450 2397 830 2458 narrationes
856 2412 1045 2471 saepe
1067 2393 1408 2469 ponendae.
1453 2391 1575 2449 lam
1591 2406 1671 2449 ex
1684 2383 2016 2450 contrario=
2044 2382 2109 2443 Si
2124 2383 2309 2477 Grac:

251 2483 402 2543 chus
423 2480 671 2554 nefarie,
700 2481 1012 2555 praeclare
1037 2476 1332 2551 Opimius,
1376 2472 1515 2534 170.
1540 2474 1635 2532 Ex
1658 2468 2212 2545 consequentibus=
2244 2463 2306 2523 Se

250 2582 311 2627 et
340 2566 498 2625 ferro
527 2565 881 2625 interfectus
913 2563 1014 2622 ille
1038 2570 1098 2621 et
1121 2571 1183 2620 tu
1204 2556 1484 2618 inimicus
1508 2555 1642 2616 eius
1667 2572 1802 2614 cum
1828 2551 2030 2629 gladio
2058 2555 2309 2609 cruento

254 2648 736 2724 comprehensus
778 2646 840 2706 in
885 2645 988 2706 illo
1031 2642 1169 2719 ipso
1201 2644 1338 2701 loco
1368 2651 1428 2699 et
1457 2655 1634 2698 nemo
1664 2646 1908 2712 praeter
1935 2643 1995 2694 te
2024 2631 2109 2692 ibi
2137 2631 2310 2691 visus

243 2737 336 2785 est
390 2741 452 2790 et
494 2748 683 2790 causa
724 2728 948 2788 nemini
991 2736 1047 2788 et
1083 2736 1149 2786 tu
1179 2738 1424 2788 semper
1451 2723 1654 2781 audax
1731 2718 1880 2787 quid
1909 2726 2006 2776 est
2035 2715 2204 2784 quod
2234 2714 2310 2770 de

240 2794 516 2856 facinore
541 2800 822 2857 dubitare
845 2798 1201 2872 possimus?
1229 2798 1324 2853 Ex
1349 2798 1781 2856 consentanels
1809 2838 1823 2854 .
1841 2844 1853 2855 .
1872 2839 1886 2855 .
1921 2812 1998 2856 ex
2026 2814 2311 2873 praecur-

241 2877 515 2940 rentibus
550 2923 564 2938 .
586 2923 632 2940 ..
662 2898 739 2940 ex
777 2879 1289 2954 repugnantibus,
1330 2885 1398 2938 ut
1432 2877 1575 2937 olim
1610 2878 1873 2939 Crassus
1908 2882 2314 2943 adolescens:

240 2961 374 3027 Non
408 2963 463 3024 si
492 2965 796 3039 Opimium
825 2962 1181 3033 defendisti,
1216 2964 1442 3031 Carb0‚
1477 2959 1705 3021 idcirco
1740 2969 1799 3024 te
1838 2964 1941 3025 isti
1970 2967 2199 3026 bonum
2236 2967 2311 3027 ci-

235 3060 375 3103 vem
416 3046 734 3118 putabunt.
810 3047 1147 3106 Simulasse
1197 3054 1257 3106 te
1307 3054 1371 3106 et
1416 3047 1647 3121 aliquid
1690 3052 2015 3123 quaesisse
2059 3041 2299 3121 perspi-

233 3143 417 3187 cuum
469 3136 591 3202 est,
646 3130 813 3204 quod
852 3128 937 3188 Ti.
983 3127 1239 3188 Gracchi
1280 3138 1534 3189 mortem
1576 3147 1765 3205 saepe
1805 3130 1864 3189 in
1910 3127 2297 3189 contionibus

233 3209 604 3286 deplorasti,
652 3213 821 3287 quod
863 3213 924 3270 P.
956 3210 1230 3271 Africani
1275 3211 1445 3272 necis
1478 3213 1686 3274 socius
1718 3212 1915 3286 suisti,
1963 3210 2132 3285 quod
2162 3226 2293 3270 eam

231 3295 431 3367 legem
476 3295 535 3353 in
582 3294 888 3356 tribunatu
930 3293 1149 3368 tulisti,
1193 3296 1360 3370 quod
1402 3313 1648 3370 semper
1690 3314 1724 3354 a
1752 3293 1930 3356 bonis
1962 3291 2297 3354 dissedisti.

232 3373 378 3438 171.
427 3378 519 3436 Ex
552 3378 759 3439 causis
787 3383 1219 3439 autem‘rerum
1251 3378 1371 3439 sic=
1414 3378 1746 3439 Avaritiam
1778 3377 1830 3437 si
1851 3379 2064 3437 tollere
2092 3376 2296 3453 vultiS,

232 3465 427 3520 mater
456 3460 589 3601 eius
618 3470 714 3522 est
745 3463 1041 3536 tollenda,
1080 3462 1373 3522 luxuries.
1442 3462 1535 3519 Ex
1579 3461 1654 3521 iis
1685 3471 1918 3536 autem,
1964 3477 2124 3536 quae
2156 3467 2294 3522 suni

319 3561 431 3602 cle.
498 3587 511 3599 .
547 3554 580 3604 2
1855 3550 1888 3604 2'
