2622 3908
277 208 398 270 152
1057 206 1158 266 DE
1199 203 1564 267 ORATORE

275 371 386 435 tor,
417 358 707 437 quoniam
739 357 830 419 sic
862 358 1086 418 ruimus
1115 373 1363 432 semper
1389 354 1753 431 comparati,
1791 366 1859 418 ut
1878 354 2192 416 hominum
2213 373 2332 418 ser·

276 444 559 504 monibus
593 440 771 519 quasi
799 441 861 501 in
891 441 1144 517 aliquod
1178 439 1588 501 contentionis
1622 439 1914 500 iudicium
1948 456 2343 502 vocaremurz

276 526 424 604 quid
452 536 575 587 tam
605 526 902 587 dissimile
941 541 1123 600 quam
1154 541 1269 600 ego
1300 522 1361 582 in
1390 523 1654 584 dicendo
1687 532 1749 586 et
1773 521 2122 584 Antonius?
2156 541 2346 599 quum

272 611 374 671 ille
418 610 473 671 is
515 610 595 672 sit
636 617 869 683 orator,
916 617 986 670 ut
1023 607 1171 668 nihil
1214 624 1288 668 eo
1335 606 1536 683 possit
1564 623 1707 668 esse
1737 606 2181 683 praestantius;
2221 625 2346 684 ego

273 703 506 768 autem,
551 710 922 769 quamquam
964 699 1187 753 memet
1224 690 1345 750 mei
1380 689 1685 766 poenitet,
1730 707 1871 752 cum
1912 690 2032 750 hoc
2079 691 2344 752 maxime

276 776 560 839 tamenin
586 775 1044 852 comparatione
1062 773 1417 850 coniungar.
1446 774 1788 849 Videtisne,
1811 790 2007 851 genus
2030 774 2149 835 hoc
2174 776 2344 850 quod

275 862 353 922 sit
383 860 673 923 Antonii?
716 862 901 933 sorte,
946 860 1315 933 vehemens,
1360 867 1732 919 commotum
1761 858 1822 918 in
1853 859 2126 934 agendo,
2165 876 2345 934 prae-

271 945 564 1007 munitum
605 954 665 1006 et
706 962 785 1005 ex
827 944 989 1004 omni
1032 951 1206 1018 parte
1249 959 1476 1003 causae
1505 952 1819 1018 saeptum,
1863 959 2037 1016 acre,
2079 952 2344 1017 acutum,

274 1031 687 1102 enucleatum,
718 1027 780 1087 in
810 1044 935 1088 una
966 1043 1212 1103 quaque
1239 1042 1307 1087 re
1336 1043 1757 1101 commorans,
1799 1029 2061 1088 honeste
2091 1028 2346 1101 cedens,

275 1115 493 1174 acriter
522 1112 891 1188 insequens,
921 1119 1187 1183 terrene,
1228 1109 1621 1187 supplicanS,
1655 1124 1892 1171 summa
1916 1109 2210 1172 orationis
2235 1127 2343 1170 va-

272 1198 511 1268 rietate,
559 1198 723 1256 nulla
764 1203 1109 1256 nostrarum
1152 1193 1390 1255 aurium
1430 1193 1726 1256 satietate.
1796 1194 1898 1256 33.
1951 1196 2078 1255 Nos
2120 1202 2346 1270 aulem,

273 1278 647 1356 quicumque
687 1279 748 1339 in
791 1279 1054 1341 dicendo
1098 1295 1344 1352 sumuS,
1390 1277 1680 1352 quoniam
1729 1295 1873 1340 esse
1901 1277 2110 1354 aliquo
2140 1279 2201 1338 in
2230 1295 2354 1343 nu-

271 1380 444 1425 mero
478 1363 657 1423 vobis
689 1362 994 1436 videmur,
1040 1371 1205 1423 certe
1247 1370 1449 1423 tamen
1493 1363 1572 1422 ab
1605 1361 1789 1423 huius
1836 1364 2087 1423 multum
2118 1377 2347 1438 genere

272 1448 601 1516 distamus;
647 1447 818 1521 quod
850 1448 1030 1523 quale
1060 1446 1166 1518 sit,
1211 1463 1335 1507 non
1374 1454 1470 1507 est
1502 1463 1706 1506 meum
1735 1446 1972 1521 dicere,
2015 1454 2347 1522 propterea

274 1531 444 1606 quod
473 1530 718 1589 minime
750 1529 867 1590 sibi
899 1529 1165 1605 quisque
1194 1537 1378 1590 notus
1401 1537 1496 1591 est
1517 1538 1579 1590 et
1600 1529 1956 1590 difficillime
1979 1530 2057 1590 de
2079 1546 2151 1589 se
2176 1528 2345 1604 quis-

274 1629 394 1690 que
426 1611 637 1683 sentit;
669 1613 784 1672 sed
810 1620 1009 1673 tamen
1042 1611 1470 1672 dissimilitudo
1502 1611 1754 1688 intelligi
1784 1621 1990 1690 potest
2017 1621 2079 1673 et
2107 1629 2187 1672 ex
2214 1628 2345 1673 mo-

273 1708 370 1758 tus
412 1695 531 1756 mei
571 1695 990 1757 mediocritate
1031 1704 1205 1756 etex
1232 1712 1340 1769 e0,
1388 1697 1586 1771 quod,
1635 1697 1860 1772 quibus
1899 1695 2179 1771 vestigiis
2223 1695 2341 1772 pri-

272 1798 436 1841 mum
466 1781 684 1854 institi,
716 1779 776 1840 in
804 1779 881 1841 iis
914 1782 1041 1842 sere
1071 1780 1244 1841 soleo
1282 1796 1573 1855 perorare
1606 1789 1668 1842 et
1698 1781 1868 1858 quod
1902 1779 2218 1855 aliquanto
2246 1797 2348 1840 me

274 1865 469 1925 maior
511 1865 571 1925 in
617 1864 822 1925 verbis
859 1866 1072 1943 [quam
1099 1863 1160 1924 in
1192 1863 1533 1936 sententiis]
1567 1865 1865 1940 eligendis
1896 1864 2072 1925 labor
2102 1872 2162 1925 et
2197 1880 2346 1924 cura

275 1957 519 2024 torquet
549 1958 891 2024 verentem,
922 1967 1029 2024 ne,
1060 1949 1113 2009 si
1143 1949 1350 2025 paullo
1385 1947 1723 2010 obsoletior
1752 1949 1934 2011 suerit
1960 1947 2188 2023 oratio,
2219 1965 2344 2010 non

274 2032 460 2107 digna
501 2033 966 2109 exspectatione
1008 2040 1069 2093 et
1101 2031 1344 2093 silentio
1391 2033 1583 2094 fuisse
1610 2032 1909 2094 videatur.
1966 2031 2066 2093 34.
2112 2032 2346 2107 Quodsi

276 2114 332 2178 in
364 2115 573 2188 nobis,
621 2116 726 2193 qui
760 2119 1088 2191 adsumuS,
1134 2125 1338 2176 tantae
1373 2115 1930 2190 dissimilitudineS,
1979 2125 2100 2177 tam
2138 2125 2346 2178 certae

274 2216 375 2260 res
417 2199 722 2275 cuiusque
770 2200 1058 2276 propriae
1096 2207 1158 2260 et
1186 2198 1246 2259 in
1277 2216 1352 2260 ea
1377 2199 1670 2261 varietate
1703 2202 1828 2261 fere
1857 2198 2075 2261 melius
2111 2217 2149 2260 a
2176 2201 2343 2261 dete·

274 2282 434 2343 riore
478 2285 763 2344 facultate
801 2283 999 2358 magis
1049 2299 1231 2358 quam
1273 2299 1500 2357 genere
1535 2283 1921 2360 distinguitur
1950 2292 2135 2360 atque
2165 2300 2348 2344 omne

274 2367 583 2437 laudatur,
632 2367 800 2442 quod
841 2366 903 2426 in
942 2383 1055 2427 suo
1088 2382 1317 2442 genere
1349 2370 1688 2442 perfectum
1716 2378 1835 2445 est,
1876 2367 2027 2442 quid
2054 2366 2347 2443 censetis,

273 2450 326 2509 si
354 2465 589 2522 omneS,
622 2447 728 2524 qui
759 2448 988 2526 ubique
1018 2459 1160 2513 sunt
1185 2460 1291 2512 aut
1320 2451 1564 2513 fuerunt
1594 2460 1890 2526 oratores,
1918 2452 2209 2527 amplecti
2237 2467 2345 2511 vo-

274 2530 610 2593 luerimus?
642 2549 849 2594 nonne
882 2536 1043 2607 rore,
1076 2541 1172 2608 ut,
1204 2542 1356 2611 quot
1384 2544 1694 2609 oratoreS,
1738 2535 1992 2598 totidem
2022 2552 2222 2611 paene
2249 2551 2345 2595 re-

279 2614 591 2692 periantur
622 2634 850 2693 genera
879 2617 1168 2680 dicendi?
1232 2620 1327 2680 Ex
1372 2636 1496 2695 qua
1537 2636 1673 2680 mea
1720 2619 2132 2697 disputatione
2167 2618 2345 2679 forsi-

273 2714 372 2762 tan
407 2710 689 2763 occurrat
721 2701 903 2776 illud,
933 2702 988 2762 si
1018 2720 1216 2778 paene
1251 2704 1722 2765 innumerabiles
1755 2702 1876 2765 sint
1906 2702 2084 2779 quasi
2115 2705 2350 2763 formae

276 2786 634 2860 figuraeque
664 2784 941 2860 dicendi,
972 2786 1185 2861 specie
1215 2787 1527 2862 dispares,
1559 2805 1787 2863 genere
1818 2786 2191 2861 laudabileS,
2220 2803 2348 2846 non

278 2885 466 2944 posse
496 2886 598 2940 ea,
637 2887 796 2945 quae
825 2868 981 2932 inter
1017 2888 1085 2932 se
1121 2871 1506 2945 discrepant,
1536 2870 1756 2932 iisdem
1791 2870 2135 2947 praeceptis
2160 2878 2351 2945 atque

274 2967 395 3013 una
434 2952 812 3014 institutione
856 2955 1119 3016 formari.
1174 2953 1278 3015 35.
1324 2955 1502 3029 Quod
1543 2972 1665 3016 non
1709 2964 1807 3017 est
1834 2954 1919 3017 ita
1951 2952 2351 3030 diligentissi-

274 3052 496 3110 meque
526 3037 645 3097 hoc
675 3046 771 3098 est
799 3036 922 3111 εἰς,
953 3038 1060 3113 qui
1086 3037 1411 3101 instituunt
1442 3037 1685 3114 aliquos
1715 3046 1901 3120 atque
1924 3040 2228 3111 erudiunt,
2257 3035 2351 3097 vi·

196 3173 204 3179 .
273 3121 571 3192 dendum,
624 3137 747 3196 quo
794 3138 908 3182 sua
951 3139 1257 3198 quemque
1298 3132 1515 3185 natura
1553 3122 1819 3184 maxime
1852 3125 2012 3185 serre
2047 3122 2353 3183 videatur.

272 3204 510 3265 Etenim
540 3204 821 3266 videmus
852 3222 930 3265 ex
958 3207 1178 3266 eodem
1209 3208 1388 3282 quasi
1422 3208 1566 3269 ludo
1599 3224 1972 3269 summorum
2001 3208 2062 3267 in
2092 3223 2208 3267 suo
2242 3223 2354 3266 cu-

273 3288 496 3365 iusque
550 3304 775 3364 genere
830 3288 1128 3351 artificum
1170 3298 1232 3351 et
1272 3290 1700 3367 magistrorum
1744 3291 1955 3352 exisse
2003 3289 2355 3367 discipulos

276 3372 609 3433 dissimiles
652 3371 810 3433 inter
857 3389 927 3434 se
957 3391 1031 3434 ac
1065 3383 1265 3435 tamen
1298 3375 1674 3451 laudandOS,
1717 3393 1905 3450 quum
1935 3377 2016 3448 ad
2046 3373 2356 3449 cuiusque

280 3461 555 3513 naturam
600 3454 895 3516 institutio
934 3457 1206 3519 doctoris
1242 3460 1826 3522 accommodaretur.
1884 3457 1987 3522 36.
2033 3459 2222 3521 Cuius
2257 3468 2360 3519 est
