2622 3908
344 231 464 296 170
699 310 711 319 ⁸
1128 231 1229 291 DE
1266 231 1629 292 ORATORE

342 387 480 446 culo
513 382 914 459 dest-ingendo
942 399 1243 459 usurpare
1274 380 1615 444 videantur.
1659 383 1810 443 Nam
1840 381 1991 443 illud
2020 385 2276 443 alterum
2306 400 2403 456 ge—

340 485 476 539 nuS,
511 467 679 542 quod
709 476 809 527 est
836 466 1234 541 temporibus,
1264 465 1440 540 locis,
1469 465 1594 528 reis
1624 465 1970 538 definitum,
2002 463 2296 537 obtinent,
2325 477 2408 526 at-

345 568 464 627 que
499 551 562 611 id
593 550 799 626 ipsum
832 549 1069 611 lacinia.
1139 551 1313 610 Nunc
1349 549 1508 610 enim
1551 552 1717 627 apud
1747 550 2091 621 Philonem,
2138 566 2322 625 quem
2354 548 2413 609 in

340 633 1204 710 Academia[maxime]vigere
1232 632 1453 709 audin,
1485 633 1664 695 etiam
1694 634 1908 695 harum
1939 632 2057 694 iam
2088 649 2417 693 causarum

340 717 607 795 cognitio
630 716 1114 793 exercitatioque
1136 718 1495 779 celebratur.
1528 720 1802 779 Alterum
1825 735 1976 779 vero
1997 718 2417 779 tantummodo

339 801 401 863 in
431 802 626 879 prima
655 811 785 863 arte
813 803 1112 862 tradenda
1141 800 1457 862 nominant
1477 811 1539 863 et
1568 800 1829 863 oratoris
1852 818 1996 862 esse
2026 800 2269 873 dicunt3
2300 801 2418 861 sed

341 902 544 963 neque
586 885 710 946 vim
750 902 954 961 neque
999 895 1272 947 naturam
1317 885 1450 946 eius
1482 902 1597 947 nec
1628 895 1837 961 partes
1870 902 1986 946 nec
2015 901 2245 960 genera
2273 900 2419 961 pro-

341 979 606 1047 ponunt,
637 980 705 1031 ut
725 969 1039 1046 praeteriri
1075 968 1323 1030 omnino
1351 968 1530 1031 fuerit
1553 970 1747 1030 satius
1779 986 1963 1044 quam
1991 976 2415 1044 attemptatum

340 1053 564 1116 deseri.
622 1055 796 1114 Nunc
825 1051 987 1113 enim
1016 1052 1227 1129 inopia
1254 1052 1514 1115 reticere
1542 1051 1987 1128 intelliguntur,
2031 1062 2156 1114 tum
2186 1050 2419 1112 iudicio

344 1138 716 1199 viderentur.

510 1223 719 1282 XXIX.
783 1221 920 1293 111.
967 1219 1177 1282 Omnis
1223 1219 1404 1297 igitur
1444 1237 1548 1281 res
1592 1220 1870 1280 eamdem
1914 1219 2099 1281 habet
2141 1229 2422 1280 naturam

342 1305 721 1382 ambigendi,
746 1306 825 1365 de
849 1321 974 1380 qua
998 1303 1210 1381 quaeri
1232 1313 1294 1366 et
1317 1303 1647 1380 disceptari
1672 1312 1894 1380 potest,
1924 1302 2057 1365 sive
2080 1302 2141 1363 in
2164 1301 2419 1365 infinitis

343 1388 894 1451 consultationibus
919 1388 1299 1465 disceptatur
1321 1388 1539 1450 sivein
1563 1386 1643 1448 iis
1665 1387 1894 1463 causiS,
1920 1403 2080 1464 quae
2094 1386 2156 1447 in
2173 1384 2422 1447 civitate

340 1472 514 1543 et[in]
537 1471 763 1533 sorensi
808 1471 1256 1547 disceptatione
1293 1480 1645 1543 versantur;
1690 1488 1893 1548 neque
1928 1480 2024 1532 est
2055 1473 2210 1543 ulla,
2256 1486 2422 1545 quae

345 1573 463 1617 non
494 1566 599 1616 aut
626 1556 705 1616 ad
736 1555 1153 1630 cognoscendi
1183 1563 1288 1616 aut
1315 1556 1395 1615 ad
1431 1556 1654 1630 agendi
1695 1557 1818 1616 vim
1859 1555 2282 1630 rationemque
2323 1571 2416 1614 re-

345 1643 588 1700 feratur.
636 1638 778 1700 112.
810 1639 1095 1701 Namaut
1120 1637 1260 1715 ipsa
1290 1637 1557 1714 cognitio
1588 1638 1679 1700 rei
1711 1638 2093 1714 scientiaque
2120 1636 2415 1714 perquiri-

343 1735 455 1794 tur,
486 1734 578 1785 uta
613 1723 819 1784 Virtus
846 1728 1101 1784 suamne
1123 1732 1380 1800 propter
1402 1722 1756 1799 dignitatem
1777 1739 1856 1783 an
1881 1733 2135 1800 propter
2159 1723 2423 1783 fructum

344 1807 606 1884 aliquem
656 1814 1020 1884 expetatur?
1076 1817 1181 1870 aut
1228 1806 1453 1883 agendi
1508 1806 1831 1868 consilium
1888 1806 2263 1883 exquiritur,
2321 1808 2418 1867 ut.

292 1962 299 1968 ⁸
347 1891 518 1953 Sitne
570 1891 832 1970 sapienti
883 1893 1271 1969 capessenda
1320 1909 1422 1953 res
1479 1891 1771 1967 publica?
1843 1891 1984 1953 113.
2043 1888 2424 1967 Cognitionis

341 1986 545 2038 autem
575 1986 699 2038 tres
730 1976 924 2049 modi,
959 1976 1346 2051 coniectura,
1377 1975 1650 2037 definitio
1681 1987 1744 2038 et
1772 1986 1839 2038 ut
1860 1976 1944 2038 ita
1974 1977 2174 2037 dicam
2199 1990 2421 2035 conse-

346 2061 525 2123 cutio.
568 2062 717 2121 Nam
744 2060 891 2136 quid
916 2060 974 2119 in
999 2078 1067 2122 re
1093 2060 1172 2123 sit
1201 2059 1556 2123 coniectura
1586 2060 1915 2136 quaeritur,
1949 2069 2014 2122 ut
2035 2059 2215 2120 illud=
2246 2057 2426 2119 Sitne

342 2142 404 2205 in
437 2145 702 2206 humano
785 2162 1018 2223 genere
1094 2144 1440 2220 sapientia?
1506 2145 1696 2219 Quam
1728 2155 1931 2207 autem
1961 2142 2087 2204 vim
2118 2150 2421 2219 'quaeque

346 2246 448 2289 res
484 2229 707 2290 habeat
746 2227 1019 2288 definitio
1051 2228 1349 2307 explicat,
1390 2237 1485 2300 ut,
1529 2228 1582 2289 si
1621 2239 1978 2304 quaeraturx
2024 2226 2180 2302 Quid
2211 2225 2290 2287 si't
2322 2243 2423 2287 sa·

346 2312 615 2389 pientia?
679 2311 1045 2374 Consecutio
1090 2320 1293 2372 autem
1335 2321 1650 2385 tractatur,
1699 2322 1886 2389 quum
1929 2311 2078 2389 quid
2111 2326 2428 2386 quamque

346 2414 473 2457 rem
516 2405 809 2470 sequatur
849 2393 1217 2470 anquiritur,
1263 2405 1332 2458 ut
1371 2396 1550 2457 illud:
1607 2396 1778 2459 Sitne
1812 2396 2144 2473 aliquando
2182 2392 2429 2455 mentiri

342 2480 488 2540 boni
530 2478 689 2539 viri?
750 2476 891 2539 114.
934 2480 1213 2540 Redeunt
1250 2498 1468 2541 rursus
1510 2482 1590 2541 ad
1626 2480 2037 2543 coniecturam
2069 2494 2332 2553 eamque
2364 2477 2428 2538 in

346 2572 633 2638 quattuor
662 2579 889 2638 genera
918 2562 1303 2639 dispertiunt.
1348 2565 1498 2624 Nam
1520 2573 1630 2626 aut
1656 2564 1805 2642 quid
1830 2563 1909 2627 sit
1938 2561 2269 2639 quaeritur,
2300 2562 2429 2622 hoc

345 2648 529 2708 modo
550 2670 564 2703 z
606 2650 914 2710 Naturane
938 2648 1019 2708 sit
1045 2649 1141 2709 ius
1166 2649 1325 2708 inter
1348 2650 1628 2709 homines
1653 2666 1732 2709 an
1755 2650 1823 2709 in
1841 2646 2273 2724 opinionibus?
2299 2654 2430 2718 aut,

341 2748 506 2807 quae
538 2730 616 2793 sit
646 2732 818 2808 origo
852 2729 1155 2808 cuiusque
1184 2730 1305 2805 rei,
1351 2742 1450 2794 ut:
1497 2732 1677 2806 Quod
1706 2733 1786 2794 sit
1818 2731 2053 2794 initium
2083 2733 2284 2805 legum
2321 2737 2432 2791 aut

343 2832 546 2877 rerum
576 2816 1001 2892 publicarum?
1042 2826 1146 2878 aut
1167 2833 1357 2877 causa
1380 2826 1441 2877 et
1467 2815 1648 2885 ratio,
1689 2823 1780 2889 ut,
1816 2818 1868 2878 si
1900 2823 2258 2892 quaeratur:
2306 2814 2431 2874 Cur

338 2898 683 2960 doctissimi
730 2898 1010 2961 homines
1053 2901 1131 2961 de
1174 2899 1456 2961 maximis
1499 2902 1687 2962 rebus
1731 2899 2141 2961 dissentiant?
2194 2905 2301 2958 aut
2343 2898 2426 2958 de

344 2981 778 3056 immutatione,
808 2993 904 3054 ut,
937 2982 991 3044 si
1014 2983 1390 3061 disputetur=
1421 2986 1578 3046 Num
1601 2983 1848 3048 interire
1870 2983 2066 3044 virtus
2090 2981 2151 3049 in
2174 2980 2428 3044 homine
2494 3040 2500 3048 ,

341 3077 449 3128 aut
470 3084 614 3127 num
636 3065 695 3127 in
722 3066 930 3128 vitium
956 3067 1157 3142 possit
1178 3076 1583 3129 convertere?
1640 3067 1781 3131 115.
1812 3064 2199 3129 Definitionis
2223 3066 2429 3126 autem

346 3160 487 3212 sunt
526 3150 1006 3226 disceptationes
1048 3161 1182 3225 aut,
1226 3170 1414 3227 quum
1459 3152 1800 3229 quaeritur,
1840 3151 1997 3227 Quid
2027 3150 2087 3211 in
2121 3146 2428 3211 communi

343 3246 545 3297 mente
576 3234 754 3310 quasi
788 3234 1155 3310 impressum
1189 3234 1293 3308 sit,
1340 3245 1436 3311 ut,
1483 3236 1535 3298 si
1570 3236 1942 3298 disseratur:
1999 3236 2149 3295 ldne
2190 3233 2271 3296 sit
2309 3231 2430 3304 iuS,

284 3331 292 3339 ·
344 3318 514 3395 quod
543 3318 846 3380 maximae
884 3318 1040 3393 parti
1071 3317 1148 3380 sit
1193 3318 1368 3392 utile;
1411 3329 1544 3395 aut,
1588 3339 1775 3397 quum
1820 3319 1968 3396 quld
2011 3317 2318 3393 cuiusque
2355 3315 2432 3378 sit

345 3401 663 3477 proprium
695 3401 1065 3476 exquiritur,
1110 3411 1207 3463 ute
1255 3403 1481 3464 Ornate
1514 3403 1719 3465 dicere
1750 3402 2150 3481 propriumne
2183 3401 2263 3464 sit
2291 3418 2432 3462 ora-

344 3482 496 3543 toris
525 3499 603 3542 an
633 3483 696 3544 id
725 3483 905 3544 etiam
936 3484 1159 3561 aliquis
1186 3496 1509 3561 praeterea
1532 3487 1776 3564 possit?
1809 3497 1931 3561 aut,
1965 3503 2154 3563 quum
2177 3501 2281 3547 res
2306 3484 2429 3546 dis·
