2622 3908
339 240 455 300 140
1116 240 1212 301 DE
1258 239 1620 302 ORATORE

332 405 556 463 aspere
602 407 813 465 posse.
889 396 1098 467 Atque
1139 391 1237 452 his
1280 394 1437 454 locis
1481 402 1542 454 et
1585 394 1873 454 laudandi
1916 403 1980 454 et
2019 393 2410 469 vituperandi

333 489 526 546 saepe
562 473 743 534 nobis
774 484 869 536 est
898 477 1193 536 utendum
1223 477 1283 535 in
1316 477 1479 536 omni
1512 492 1739 551 genere
1769 494 2109 538 causarum.

497 554 641 617 350.
685 558 938 619 Habetis
970 561 1049 619 de
1076 558 1462 621 inveniendis
1491 562 1674 621 rebus
1700 560 2233 637 disponendisque
2258 562 2405 637 quid

332 639 609 699 sentiam.
682 641 1033 717 Adiungam
1074 643 1254 703 etiam
1297 645 1375 703 de
1408 644 1729 710 memoria.
1776 653 1843 705 ut
1876 645 2087 705 labore
2119 646 2409 707 Crassum

331 725 528 782 levem
558 742 761 799 neque
792 730 848 785 ei
882 724 1219 802 quidquam
1248 727 1446 800 aliud,
1481 728 1559 787 de
1591 745 1711 803 quo
1745 728 2037 796 disserat,
2070 731 2411 804 relinquam

331 806 450 869 nisi
482 823 583 881 ca,
634 810 856 886 quibus
891 814 1040 872 baec
1072 820 1465 872 exornentur.
1534 812 1850 872 LXXXVI.
1893 812 2083 885 Perge
2112 830 2284 887 vero,
2318 812 2403 874 in·

330 894 460 970 quit
492 895 772 956 Crassus.
843 896 1126 955 Libenter
1165 895 1328 955 enim
1369 905 1428 957 te
1471 895 1781 970 cognitum
1818 895 1937 954 iam
1976 895 2269 956 artificem
2301 895 2407 955 ali-

331 980 710 1054 quandoque
754 981 1062 1040 evolutum
1095 978 1214 1039 illis
1259 978 1688 1052 integumentis
1730 978 2232 1041 dissimulationis
2268 989 2417 1040 tuae

330 1063 747 1137 nudatumque
798 1061 1138 1138 perspici03
1195 1073 1256 1123 et
1307 1063 1477 1136 quod
1529 1062 1672 1122 mihi
1726 1061 1872 1121 nihil
1922 1071 2025 1122 aut
2068 1064 2234 1137 quod
2284 1075 2407 1124 nen

331 1147 580 1206 multum
633 1146 960 1222 relinquiS,
1017 1148 1453 1220 percommode
1500 1147 1651 1206 sacis
1695 1154 1913 1222 estque
1957 1145 2101 1207 mihi
2149 1158 2417 1221 gratum,

329 1229 475 1290 351.
512 1232 638 1289 lam
668 1230 827 1291 istuc
860 1239 1155 1305 quantum
1178 1229 1286 1291 tibi
1308 1246 1423 1304 ego
1448 1228 1832 1304 reliquerim,
1864 1229 2060 1304 inquit
2080 1231 2410 1303 AntoniuS,

332 1313 445 1374 erit
474 1312 533 1372 in
571 1322 671 1374 tua
705 1323 1026 1389 potestate.
1073 1313 1137 1374 Si
1170 1314 1331 1373 enim
1359 1331 1503 1374 vere
1525 1330 1710 1388 agere
1733 1314 2036 1384 volueris,
2073 1314 2280 1375 omnia
2303 1314 2407 1375 tibi

331 1399 641 1470 relinquo;
682 1399 776 1457 sin
807 1396 1213 1470 dissimulare,
1245 1407 1309 1458 tu
1343 1397 1858 1472 quemadmodum
1887 1397 1982 1457 his
2025 1396 2177 1457 satis
2220 1398 2419 1458 facias

333 1480 582 1539 videris.
628 1480 783 1554 Sed,
816 1490 881 1539 ut
910 1481 992 1540 ad
1020 1497 1146 1540 rem
1179 1482 1460 1554 redeam,
1491 1498 1616 1541 non
1649 1496 1783 1541 sum
1815 1489 1981 1542 tanto
2012 1497 2161 1555 ego,
2194 1481 2412 1556 inquit,

331 1562 608 1637 ingeni0,
645 1572 872 1638 quanto
903 1564 1346 1624 Themistocles
1378 1565 1518 1639 fuit,
1547 1574 1614 1625 ut
1644 1563 1970 1625 oblivionis
2002 1573 2189 1624 artem
2227 1581 2413 1640 quam

333 1646 666 1707 memoriae
696 1646 929 1718 malim;
962 1647 1343 1723 gratiamque
1374 1648 1573 1708 habeo
1607 1647 1905 1708 Simonidi
1934 1648 2018 1707 illi
2044 1649 2186 1721 Cen,
2226 1665 2408 1724 quem

332 1731 590 1807 primum
616 1733 814 1792 ferunt
834 1739 1022 1793 artem
1046 1730 1377 1791 memoriae
1402 1731 1751 1806 protulisse.
1795 1729 1940 1793 352.
1984 1730 2206 1792 Dicunt
2231 1731 2415 1804 enim,

332 1833 520 1892 quum
563 1823 813 1876 cenaret
845 1816 1125 1875 cranone
1157 1813 1220 1874 in
1238 1814 1556 1875 Thessalia
1580 1813 1929 1875 Simonides
1954 1815 2122 1890 apud
2137 1815 2409 1890 Scopam

331 1902 701 1962 fortunatum
752 1898 1058 1961 hominem
1101 1908 1163 1960 et
1205 1899 1472 1960 nobilem
1528 1897 1978 1975 cecinissetque
2022 1898 2085 1959 id
2140 1915 2409 1972 carmen,

331 1985 501 2060 quod
533 1985 592 2043 in
627 2002 766 2045 eum
797 1983 1182 2059 scripsisset,
1218 1984 1275 2042 in
1313 2000 1436 2058 quo
1468 1986 1654 2044 multa
1686 1984 1942 2044 ornandi
1975 1999 2163 2043 causa
2195 1988 2408 2058 poeta-

331 2083 462 2128 rum
507 2085 676 2128 more
721 2070 779 2126 in
819 2068 1133 2128 Castorem
1172 2068 1403 2142 scripta
1446 2076 1507 2126 et
1538 2067 1849 2127 Pollucem
1893 2068 2182 2140 fuissent,
2228 2066 2411 2126 nimis

329 2152 495 2212 illum
541 2151 793 2211 sordide
831 2150 1128 2211 Simonidi
1174 2149 1410 2210 dixisse
1453 2167 1522 2210 se
1565 2150 1878 2211 dimidIum
1918 2150 2052 2211 eius
2098 2149 2187 2224 ei,
2239 2151 2410 2225 quod

330 2244 549 2311 pactus
598 2243 795 2307 esset,
851 2251 966 2309 pro
1010 2235 1111 2293 illo
1160 2233 1425 2293 carmine
1470 2235 1781 2304 daturum;
1846 2234 2148 2309 reliquum
2194 2252 2232 2295 a
2278 2234 2415 2295 suis

328 2317 727 2396 Tyndaridis,
778 2334 938 2392 qnos
971 2332 1168 2391 aeque
1199 2317 1542 2389 laudasset,
1588 2326 1855 2392 peteret,
1903 2319 1952 2378 si
1983 2316 2039 2378 ei
2075 2316 2410 2379 videretur.

326 2399 470 2462 353.
505 2402 712 2459 Paullo
737 2408 883 2474 post
905 2416 1048 2459 esse
1073 2402 1272 2460 ferunt
1310 2399 1652 2461 nuntiatum
1677 2400 1991 2473 Simonidi,
2018 2412 2083 2461 ut
2106 2401 2410 2475 prodiret=

329 2486 587 2546 iuvenes
613 2491 774 2542 stare
799 2483 877 2542 ad
900 2484 1142 2543 ianuam
1167 2484 1288 2545 duo
1316 2484 1649 2559 quosdam,
1684 2483 1948 2557 quicum
1968 2501 2191 2559 magno
2218 2500 2411 2559 opere

329 2576 690 2638 evocarent;
726 2566 1073 2628 surrexisse
1095 2566 1280 2639 illum,
1317 2566 1618 2642 prodisse,
1650 2567 1885 2628 vidisse
1909 2567 2232 2627 neminem.
2281 2569 2412 2628 Hoc

327 2652 568 2713 interim
600 2651 799 2726 spatio
833 2653 1128 2711 conclave
1157 2651 1337 2724 illud,
1382 2651 1486 2710 ubi
1518 2653 1866 2725 epularetur
1895 2651 2167 2726 Scopas,
2201 2649 2419 2711 conci·

330 2732 531 2805 disse;
564 2749 638 2791 ea
660 2732 833 2792 ruina
857 2732 1056 2807 ipsum
1083 2751 1222 2793 cum
1246 2733 1525 2807 cognatis
1550 2733 1676 2792 suis
1699 2749 2067 2808 oppressum
2090 2733 2399 2791 interisse.

331 2818 499 2889 Quos
526 2834 711 2890 quum
737 2818 990 2876 humare
1017 2819 1243 2877 vellent
1275 2816 1370 2876 sui
1404 2832 1609 2890 neque
1641 2824 1903 2891 possent
1926 2816 2187 2876 obtritos
2217 2815 2400 2874 inter-

328 2915 591 2959 noscere
617 2902 743 2959 ullo
770 2901 974 2969 modo,
992 2900 1342 2960 Simonides
1366 2898 1587 2959 dicitur
1611 2917 1687 2959 ex
1713 2917 1809 2972 eo,
1829 2901 1998 2973 quod
2019 2898 2404 2958 meminisset

329 2998 454 3055 quo
479 2998 692 3042 eorum
718 2985 856 3042 loco
877 2982 1140 3058 quisque
1164 2983 1493 3056 cubuisset,
1510 2986 1967 3043 demonstrator
1989 2983 2168 3042 unius
2196 2980 2401 3041 cuius·

331 3081 453 3140 que
476 3065 817 3139 sepeliendi
838 3065 1052 3125 fuisse.
1110 3068 1235 3126 Hac
1260 3075 1387 3127 tum
1411 3085 1478 3126 re
1498 3066 1847 3127 admonitus
1871 3067 2184 3126 invenisse
2209 3067 2409 3125 fertur

324 3146 601 3205 ordinem
638 3163 782 3206 esse
825 3146 1121 3220 maxime,
1168 3148 1273 3223 qui
1303 3151 1634 3210 memoriae
1672 3153 1873 3212 lumen
1906 3154 2193 3214 adferret.
2269 3155 2409 3216 354.

322 3230 534 3302 Itaque
580 3228 687 3303 iis,
733 3229 837 3303 qui
880 3231 1038 3290 hanc
1083 3241 1315 3305 partem
1359 3232 1588 3307 ingenii
1619 3244 2009 3309 exercerent,
2054 3238 2233 3297 locos
2267 3252 2408 3298 esse

323 3310 665 3385 capiendos
707 3322 767 3373 et
808 3330 913 3387 ea,
966 3330 1126 3390 quae
1162 3315 1455 3376 memoria
1497 3325 1703 3377 tenere
1746 3319 2003 3394 vellent,
2054 3321 2405 3395 effingenda

321 3393 524 3451 animo
570 3402 756 3469 atque
799 3396 859 3456 in
918 3396 999 3457 iis
1043 3398 1196 3458 locis
1238 3400 1631 3473 collocanda;
1678 3401 1767 3461 sic
1810 3402 1973 3477 sore,
2015 3413 2083 3464 ut
2125 3404 2406 3465 ordinem

323 3490 522 3532 rerum
551 3477 826 3536 locorum
861 3480 1015 3538 ordo
1047 3491 1475 3545 conservaret.
1509 3499 1610 3544 res
1645 3492 1848 3545 autem
1875 3485 2051 3556 ipsas
2079 3503 2289 3549 rerum
2317 3487 2398 3546 et·-
