2622 3908
325 260 404 326 12
1092 251 1193 313 DE
1236 249 1600 312 ORATORE

315 405 600 469 irrisione
644 405 903 466 ludatur.
972 402 1075 464 51.
1120 401 1277 478 Quid
1322 411 1419 463 est
1459 401 1618 462 enim
1662 412 1782 463 tam
1830 400 2161 473 furiosum,
2207 420 2387 478 quam

320 492 641 550 verborum
685 489 783 549 vel
829 485 1196 562 optimorum
1240 495 1429 562 atque
1471 485 1999 547 ornatissimorum
2035 484 2275 548 sonitus
2305 486 2386 547 in·

319 575 481 647 anis,
527 574 692 634 nulla
736 570 1013 632 subiecta
1055 569 1357 632 sententia
1400 586 1515 631 nec
1555 568 1856 631 scientia?
1928 569 2238 645 Quidquid
2282 570 2390 632 erit

318 657 498 734 igitur
529 670 914 732 quacumque
944 671 1023 714 ex
1053 664 1209 727 arte,
1244 670 1637 730 quocumque
1668 656 1746 714 de
1776 670 2034 729 genere,
2075 652 2138 713 id
2169 662 2393 727 orator,

318 741 370 803 si
412 752 719 817 tamquam
756 737 994 799 clientis
1025 754 1278 799 causam
1308 737 1619 811 didicerit,
1661 738 1825 799 dicet
1865 737 2082 799 melius
2125 747 2186 799 et
2215 755 2390 798 orna·

320 825 467 896 tiuS,
503 841 686 900 quam
713 823 851 899 ipse
880 821 981 882 ille
1010 821 1143 882 eius
1174 821 1262 881 rei
1290 821 1577 882 inventor
1598 831 1783 897 atque
1805 821 2045 883 artifex.
2102 818 2205 881 52.
2241 822 2391 881 Nam

319 908 372 970 si
404 907 543 984 quis
574 906 719 980 erit,
750 905 854 982 qui
884 906 1005 966 hoc
1035 904 1229 979 dicat,
1259 922 1403 966 esse
1435 907 1733 981 quasdam
1766 914 2075 966 oratorum
2106 904 2392 981 proprias

321 992 655 1054 sententias
701 999 889 1065 atque
933 1006 1156 1050 causas
1200 998 1261 1051 et
1303 999 1605 1050 certarum
1634 1006 1835 1050 rerum
1869 987 2217 1071 forensibus
2249 1005 2390 1048 can-

320 1076 491 1137 cellis
522 1072 1045 1148 circumscriptam
1077 1072 1427 1146 scientiam,
1469 1074 1707 1134 fatebor
1737 1072 2022 1148 equidem
2052 1073 2111 1131 in
2142 1071 2237 1132 his
2268 1089 2391 1132 ma·

320 1160 414 1236 gis
457 1158 718 1220 adsidue
764 1156 997 1218 versari
1033 1158 1190 1217 hanc
1220 1167 1490 1218 nostram
1522 1155 1883 1227 dictionem;
1930 1157 2043 1217 sed
2086 1165 2286 1216 tamen
2332 1154 2393 1214 in

320 1243 415 1304 his
459 1241 618 1319 ipsis
657 1242 843 1302 rebus
889 1244 1185 1316 permulta
1215 1250 1385 1314 sunt,
1436 1257 1595 1316 quae
1624 1239 1744 1317 ipsi
1777 1238 2080 1316 magistri,
2124 1239 2229 1315 qui
2257 1239 2391 1300 rhe-

322 1326 492 1390 torici
523 1334 852 1399 vocantur,
899 1342 1013 1385 nec
1058 1325 1301 1386 tradunt
1344 1341 1459 1385 nec
1487 1333 1713 1386 tenent.
1772 1323 1874 1386 53.
1919 1323 2066 1397 Quis
2098 1322 2258 1384 enim
2289 1338 2392 1383 ne·

323 1411 439 1472 scit
480 1409 803 1469 maximam
847 1407 967 1468 vim
1009 1408 1311 1470 exsistere
1351 1407 1611 1470 oratoris
1655 1407 1715 1468 in
1747 1406 2059 1468 hominum
2089 1405 2395 1468 mentibus

324 1496 421 1555 vel
464 1495 543 1552 ad
587 1492 736 1552 iram
781 1503 887 1553 aut
927 1494 1006 1552 ad
1052 1492 1259 1553 odium
1289 1501 1395 1553 aut
1422 1493 1502 1552 ad
1533 1494 1808 1553 dolorem
1834 1490 2157 1552 incitandis
2188 1492 2288 1551 vel
2317 1491 2395 1551 ab

323 1578 494 1639 hisce
537 1575 756 1637 iisdem
799 1575 1283 1652 permotionibus
1326 1577 1405 1636 ad
1448 1574 1756 1637 lenitatem
1786 1573 2397 1650 misericordiamque

324 1662 730 1722 revocandis?
781 1660 966 1733 Quae,
998 1658 1118 1720 nisi
1143 1660 1248 1736 qui
1269 1668 1520 1721 naturas
1551 1659 1863 1720 hominum
1883 1658 2132 1734 vimque
2156 1675 2396 1719 omnem

324 1743 712 1806 humanitatis
769 1759 1120 1819 causasque
1163 1761 1304 1818 eaS,
1356 1743 1582 1820 quibus
1634 1753 1870 1804 mentes
1922 1751 2026 1803 aut
2072 1741 2398 1803 incitantur

322 1839 427 1891 aut
465 1827 891 1901 reflectuntur,
975 1826 1218 1902 penitus
1260 1827 1676 1904 perspexerit,
1718 1827 1982 1888 dicendo
2027 1828 2195 1901 quod
2232 1827 2399 1886 volet

327 1913 625 1989 perficere
654 1929 777 1973 non
812 1910 1049 1988 poterit.
1104 1909 1206 1973 54.
1248 1914 1456 1989 Atque
1479 1921 1643 1974 totus
1667 1910 1766 1973 hic
1789 1912 1965 1973 locus
1990 1908 2392 1987 philosopho-

325 2014 457 2058 rum
504 1996 789 2074 proprius
835 1997 1103 2068 videtur;
1162 2014 1367 2073 neque
1421 2006 1628 2058 orator
1668 2013 1765 2057 me
1808 2005 2061 2057 auctore
2106 2010 2395 2070 umquam

322 2082 715 2157 repugnabit:
762 2082 902 2145 sed,
949 2098 1135 2156 quum
1164 2080 1284 2143 illis
1314 2078 1726 2157 cognitionem
1754 2096 1956 2141 rerum
1994 2076 2392 2149 concesserit,

327 2167 493 2241 quod
537 2164 596 2225 in
640 2182 716 2225 ea
746 2166 945 2225 solum
974 2163 1058 2223 illi
1090 2166 1390 2225 voluerint
1416 2165 1766 2237 elaborare,
1812 2159 2231 2223 tractationem
2263 2177 2386 2221 ora-

328 2248 540 2319 tioniS,
584 2264 745 2323 quae
787 2245 921 2307 sine
962 2248 1063 2306 illa
1105 2247 1363 2309 scientia
1407 2249 1574 2308 nulla
1602 2256 1726 2320 est,
1772 2245 1887 2307 sibi
1918 2245 2232 2315 adsumet;
2277 2245 2396 2305 hoc

328 2330 486 2392 enim
530 2341 627 2392 est
668 2329 987 2407 proprium
1032 2330 1324 2406 oratoriS‚
1371 2332 1542 2407 quod
1586 2346 1777 2407 saepe
1822 2329 1942 2390 iam
1986 2327 2143 2402 dixi,
2203 2328 2398 2389 oratio

328 2413 531 2491 gravis
577 2424 638 2476 et
677 2423 889 2475 ornata
929 2423 991 2475 et
1029 2413 1341 2476 hominum
1395 2414 1682 2476 sensibus
1719 2431 1792 2475 ac
1820 2411 2125 2475 mentibus
2158 2428 2397 2473 accom-

327 2499 589 2559 modata.
691 2498 845 2558 XIII.
903 2495 1004 2558 55.
1046 2497 1276 2572 Quibus
1322 2500 1400 2559 de
1443 2501 1630 2560 rebus
1668 2497 2063 2560 Aristotelem
2105 2505 2165 2557 et
2204 2496 2396 2556 Theo·

330 2583 644 2658 phrastum
675 2580 1004 2657 scripsisse
1038 2583 1248 2643 fateor.
1310 2583 1435 2643 Sed
1463 2582 1606 2644 vide
1641 2599 1719 2643 ne
1747 2582 1897 2654 hoc,
1940 2581 2270 2650 Scaevola,
2311 2590 2397 2641 to·

328 2677 453 2728 tum
483 2665 563 2728 sit
590 2684 628 2726 a
656 2683 771 2727 me.
829 2666 977 2725 Nam
1009 2682 1157 2741 ego,
1190 2684 1351 2741 quae
1382 2676 1524 2728 sunt
1552 2665 1780 2727 oratori
1811 2683 1950 2726 cum
1980 2664 2100 2726 iuis
2132 2681 2401 2725 commu·

330 2749 462 2824 nia,
505 2768 627 2811 non
671 2760 914 2811 mutuor
943 2751 1021 2810 ab
1049 2749 1201 2811 illisa
1248 2750 1381 2825 isti,
1427 2766 1586 2825 quae
1617 2751 1695 2810 de
1724 2748 1820 2810 his
1850 2750 2036 2809 rebus
2067 2746 2401 2824 disputant,

329 2844 638 2896 oratorum
682 2851 823 2896 esse
868 2834 1231 2896 concedunt.
1286 2836 1500 2909 Itaque
1545 2841 1822 2894 caeteros
1851 2834 2042 2893 libros
2072 2829 2220 2892 artis
2251 2847 2403 2891 suae

328 2917 606 2989 nomine,
651 2919 768 2978 hos
810 2917 1150 2978 rhetoricos
1195 2926 1255 2978 et
1296 2916 1635 2978 inscribunt
1676 2926 1736 2978 et
1766 2918 2098 2993 appellant.
2158 2913 2260 2976 56.
2299 2914 2399 2975 Et·

327 2999 488 3061 enim
521 3019 707 3076 quum
738 2998 822 3060 illi
845 3000 904 3059 in
931 3000 1191 3061 dicendo
1217 3000 1537 3062 inciderint
1555 2999 1706 3073 loci,
1739 3001 1908 3076 quod
1933 3015 2239 3075 persaepe
2260 3014 2399 3059 eve-

333 3084 444 3158 nit,
487 3095 553 3146 ut
596 3086 674 3144 de
717 3084 812 3144 dis
856 3083 1327 3156 immortalibuS,
1372 3087 1450 3146 de
1497 3084 1748 3160 pietate,
1795 3083 1873 3144 de
1917 3081 2282 3154 concordia,
2326 3080 2402 3140 de

328 3167 621 3239 amicitia,
655 3170 733 3228 de
763 3168 1068 3228 communi
1099 3166 1340 3242 civium,
1374 3170 1450 3229 de
1480 3166 1810 3238 hominum,
1842 3168 1921 3227 de
1950 3164 2218 3242 gentium
2250 3164 2400 3234 iure,

330 3254 408 3312 de
437 3252 763 3329 aequitate,
794 3252 873 3312 de
904 3251 1317 3326 temperantia,
1351 3254 1427 3313 de
1457 3250 1873 3327 magnitudine
1899 3247 2104 3321 animi,
2135 3250 2211 3309 de
2239 3245 2400 3311 omni

330 3334 566 3397 virtutis
599 3352 823 3412 genere
855 3333 933 3396 sit
953 3333 1309 3409 dicendum,
1341 3336 1717 3407 clamabunt,
1749 3335 1968 3404 credo,
2003 3331 2209 3394 omnia
2231 3349 2399 3409 gym-

331 3417 505 3478 nasia
547 3433 732 3495 atque
777 3435 991 3481 omnes
1036 3418 1546 3494 philosophorum
1591 3419 1842 3479 scholae
1886 3434 2003 3478 sua
2055 3433 2197 3477 esse
2249 3416 2402 3475 haee

330 3499 536 3566 omnia
564 3503 831 3577 propria,
865 3502 1011 3563 nihil
1041 3501 1287 3563 omnino
1320 3504 1398 3563 ad
1428 3511 1731 3563 oratorem
1757 3503 2079 3576 pertinere.
2129 3497 2230 3561 57.
2260 3497 2394 3569 Qui-
