2622 3908
744 205 891 264 LlB.
922 204 1020 262 111.
1071 204 1236 264 CAP.
1264 212 1461 266 4—6.
1510 210 1562 270 5.
1600 212 1857 265 14—23.
2216 203 2338 267 149

262 360 410 418 Tum
440 358 732 418 Crassus=
776 365 876 416 An
915 372 1013 416 me
1055 364 1177 417 tam
1217 355 1634 431 impudentem
1663 373 1806 416 esse
1837 355 2230 432 existimatiS,
2272 369 2338 419 ut

265 440 444 502 vobis
486 441 605 501 hoc
646 439 1010 514 praesertim
1050 457 1270 500 munus
1315 448 1523 516 putem
1565 439 1792 500 diutius
1833 457 2028 516 posse
2067 439 2278 502 deberi
2311 448 2339 500 ‘t

261 524 521 599 Quinam
549 522 760 599 igitur,
790 522 986 599 inquit
1015 523 1148 597 ille,
1179 525 1403 584 locus?
1455 525 1553 584 An
1584 522 1646 583 in
1677 523 1880 584 media
1909 525 2065 584 silva
2094 527 2337 600 placet?

266 611 372 669 Est
418 607 581 668 enim
630 606 685 666 is
737 607 1000 668 maxime
1040 616 1102 669 et
1142 623 1380 682 opacus
1428 616 1488 668 et
1531 606 1805 681 frigidus.
1891 607 2086 682 Sane,
2137 607 2336 684 inquit

262 692 557 762 Crassus3
590 690 815 751 etenim
845 699 942 751 est
970 690 1030 750 in
1062 709 1138 752 eo
1168 693 1309 752 loco
1348 692 1533 752 sedes
1559 689 1700 751 huic
1727 699 1936 752 nostro
1961 686 2083 753 n'on
2106 692 2332 768 impor-

262 785 408 838 tuna
440 774 730 837 sermoni.
790 775 985 849 Quum
1013 775 1354 850 placuisset
1381 774 1545 835 idem
1575 774 1866 847 caeteriS,
1896 774 1958 834 in
1987 774 2205 835 silvam
2230 793 2330 836 ve-

264 859 421 920 nitur
451 868 513 919 et
539 857 624 918 ibi
653 875 874 933 magna
904 875 1041 920 cum
1072 858 1363 920 audiendi
1391 858 1859 934 exspectatione
1890 858 2247 920 considitur.
2325 930 2333 945 .

432 942 532 1003 19.
575 943 726 1003 Tum
769 942 1061 1004 Crassusz
1107 943 1302 1016 Quum
1344 943 1677 1004 auctoritas
1719 950 1905 1018 atque
1933 941 2200 1003 amicitia
2230 958 2327 1002 ve-

260 1037 386 1088 stra
416 1035 540 1087 tum
569 1025 821 1088 Antonii
851 1025 1111 1087 facilitas
1143 1026 1394 1103 eripuit,
1417 1025 1643 1102 inquit,
1678 1025 1823 1086 mihi
1853 1025 1914 1085 in
1941 1026 2170 1102 optima
2192 1041 2331 1086 mea

259 1127 452 1172 causa
479 1110 816 1171 libertatem
845 1110 1195 1171 recusandi.
1264 1111 1643 1185 Quamquam
1674 1109 1733 1171 in
1767 1109 2087 1186 partienda
2116 1109 2328 1186 dispu-

260 1193 487 1255 tatione
518 1203 760 1269 nostra,
793 1212 980 1268 quum
1011 1194 1129 1254 sibi
1159 1195 1237 1254 de
1265 1194 1373 1267 iis,
1419 1211 1578 1269 quae
1609 1192 1730 1254 dici
1759 1195 1836 1253 ab
1869 1203 2110 1255 oratore
2148 1210 2328 1269 opor-

260 1285 432 1353 teret,
461 1287 743 1351 sumeret,
773 1277 921 1339 mihi
949 1286 1152 1338 autem
1179 1277 1568 1353 relinqueret,
1599 1286 1665 1338 ut
1694 1276 2086 1351 explicarem,
2119 1294 2324 1353 quem-

259 1362 588 1424 admodum
618 1360 721 1422 illa
753 1361 956 1423 ornari
981 1370 1308 1437 oporteret,
1344 1379 1419 1422 ea
1442 1360 1668 1436 divisit,
1703 1377 1863 1437 quae
1886 1360 2164 1422 seiuncta
2184 1377 2329 1422 esse

259 1462 381 1506 non
425 1454 707 1520 possunt.
776 1446 928 1506 Nam
973 1463 1161 1520 quum
1202 1444 1401 1507 omnis
1432 1463 1510 1506 ex
1539 1463 1607 1507 re
1635 1454 1822 1522 atque
1854 1445 2058 1506 verbis
2090 1453 2321 1506 constet.

257 1527 474 1603 oratio,
507 1545 709 1605 neque
740 1530 926 1590 verba
955 1530 1168 1590 sedem
1198 1529 1426 1590 habere
1463 1538 1741 1605 possunt,
1773 1529 1827 1592 si
1856 1547 1984 1590 rem
2007 1532 2320 1592 subtraxe-

257 1613 373 1687 ris,
404 1629 607 1687 neque
633 1629 735 1673 res
764 1615 999 1688 lumen,
1028 1613 1083 1674 si
1111 1615 1301 1674 verba
1333 1613 1692 1675 semoveris.
1748 1614 1848 1675 20.
1893 1618 1988 1675 Ac
2017 1613 2162 1674 mihi
2194 1613 2320 1688 qui-

258 1698 397 1757 dem
440 1706 681 1758 veteres
710 1695 795 1756 illi
826 1695 1024 1758 maius
1057 1697 1350 1772 quiddam
1377 1697 1580 1758 animo
1625 1697 1934 1772 complexi
1962 1701 2105 1772 plus
2137 1699 2323 1758 multo

255 1779 438 1841 etlam
459 1779 696 1840 vidisse
724 1779 1020 1853 videntur,
1050 1797 1232 1857 quam
1257 1788 1550 1855 quantum
1572 1788 1921 1841 nostrorum
1945 1781 2324 1855 ingeniorum

254 1863 425 1924 acies
460 1862 681 1924 intueri
710 1872 944 1939 potest;
992 1864 1095 1940 qui
1128 1862 1330 1925 omnia
1358 1863 1544 1937 haec,
1588 1879 1747 1939 quae
1788 1879 1976 1938 supra
2007 1871 2068 1923 et
2097 1863 2322 1935 subter,

255 1965 443 2009 unum
486 1964 628 2009 esse
671 1960 731 2009 et
771 1966 894 2009 una
933 1947 996 2009 vi
1036 1958 1221 2024 atque
1264 1965 1385 2008 una
1425 1945 1838 2010 consensione
1879 1954 2131 2008 naturae
2179 1964 2319 2008 con-

254 2031 467 2093 stricta
506 2049 652 2092 esse
693 2030 995 2093 dixerunt.
1065 2034 1306 2093 Nullum
1336 2040 1432 2093 est
1465 2029 1626 2092 enim
1655 2047 1851 2106 genus
1880 2047 2113 2105 rerum,
2157 2032 2325 2105 quod

254 2125 357 2178 aut
397 2117 680 2176 avulsum
723 2133 760 2175 a
800 2115 1058 2178 caeteris
1100 2133 1211 2192 per
1246 2132 1317 2176 se
1345 2115 1551 2192 ipsum
1581 2122 1866 2176 constare
1893 2124 2000 2176 aut
2029 2130 2153 2190 quo
2186 2131 2332 2175 cae‘

249 2206 383 2261 tera
404 2198 460 2258 si
486 2208 750 2271 careant,
778 2200 902 2259 vim
927 2217 1102 2261 suam
1123 2209 1310 2275 atque
1335 2197 1753 2262 aeternitatem
1781 2215 2153 2260 conservare
2178 2215 2323 2274 pos-

251 2283 394 2344 sint.
481 2284 585 2342 Vl.
631 2282 730 2345 21.
780 2284 905 2344 Sed
946 2283 1000 2345 si
1041 2286 1196 2345 haec
1240 2286 1434 2346 maior
1463 2300 1606 2345 esse
1633 2281 1788 2344 ratio
1820 2282 2095 2356 videtur,
2139 2299 2324 2358 quam

256 2376 318 2428 ut
360 2366 673 2427 hominurn
711 2368 913 2443 possit
954 2385 1144 2430 sensu
1175 2377 1279 2429 aut
1313 2366 1683 2444 cogitatione
1714 2365 2183 2442 comprehendi,
2229 2374 2323 2427 est

255 2450 438 2511 etiam
478 2449 581 2510 illa
620 2450 889 2512 Platonis
933 2469 1082 2513 vera
1123 2460 1184 2513 et
1226 2450 1364 2525 tibi,
1409 2452 1647 2525 Catule,
1691 2461 1856 2513 certe
1897 2469 2021 2513 non
2049 2450 2324 2512 inaudita

253 2550 396 2608 vox,
416 2548 657 2595 omnem
686 2534 1024 2597 doctrinam
1052 2537 1266 2595 harum
1294 2535 1695 2610 ingenuarum
1723 2545 1783 2597 et
1807 2536 2203 2596 humanarum
2229 2552 2320 2594 ar-
2409 2543 2425 2554 ⁵

254 2617 401 2679 tium
429 2634 553 2679 uno
587 2619 852 2693 quodam
884 2617 1197 2681 societatis
1218 2618 1462 2679 vinculo
1488 2617 1804 2678 contineri.
1862 2618 1979 2679 Ubi
2002 2618 2162 2678 enini
2187 2636 2320 2693 per-

253 2710 469 2777 specta
500 2701 595 2762 vis
625 2711 720 2763 est
751 2702 1004 2765 rationis
1034 2704 1200 2775 eine,
1246 2718 1371 2778 qua
1412 2717 1641 2762 causae
1669 2717 1872 2762 rerum
1903 2710 2089 2775 atque
2121 2703 2321 2761 exitus

254 2792 739 2859 cognoscuntur,
788 2786 975 2848 mirus
1020 2787 1269 2863 quidam
1313 2784 1581 2846 omnium
1614 2784 1794 2860 quasi
1831 2800 2178 2845 consensus
2212 2785 2319 2843 do-

252 2868 581 2930 ctrinarum
626 2879 1087 2947 concentusque
1127 2869 1447 2947 reperitur.
1505 2868 1607 2931 22.
1658 2869 1782 2929 Sed
1829 2867 1882 2929 si
1917 2869 2035 2930 hoc
2071 2883 2320 2943 quoque

253 2951 494 3013 videtur
535 2969 680 3015 esse
725 2952 935 3027 altius,
982 2972 1166 3031 quam
1200 2964 1266 3016 ut
1308 2953 1372 3014 id
1413 2970 1530 3015 nos
1574 2951 1743 3015 humi
1786 2952 1957 3014 strati
2000 2951 2321 3029 suspicere

252 3035 599 3112 possimus,
644 3037 792 3098 illud
836 3047 1000 3100 certe
1042 3047 1273 3112 tamen,
1325 3039 1495 3114 quod
1537 3037 1804 3113 amplexi
1847 3054 2093 3110 sumuS,
2152 3036 2319 3110 quod

253 3120 629 3196 profitemur,
661 3122 831 3197 quod
861 3121 1268 3198 suscepimus,
1302 3138 1494 3184 nosse
1517 3130 1578 3182 et
1600 3129 1807 3182 tenere
1829 3122 2143 3181 debemus.
2185 3118 2319 3177 Una

253 3213 350 3264 est
378 3203 570 3276 enim,
605 3204 773 3280 quod
804 3215 866 3267 et
893 3222 1008 3281 ego
1039 3206 1327 3266 hesterna
1359 3204 1457 3266 die
1483 3204 1609 3265 dixi
1633 3213 1694 3265 et
1714 3203 1948 3279 aliquot
1971 3201 2127 3264 locis
2150 3209 2317 3262 ante-

253 3285 590 3348 meridiano
626 3305 909 3350 sermone
939 3288 1307 3365 significavit
1334 3287 1671 3361 Antonius,
1707 3284 2085 3362 eloquentia,
2135 3301 2317 3361 quas—

251 3387 518 3447 cumque
541 3371 603 3432 in
628 3388 769 3432 oras
793 3371 1225 3447 disputationis
1248 3372 1614 3448 regionesve
1637 3371 1838 3432 delata
1861 3387 1972 3431 est.
2031 3369 2132 3430 23.
2168 3370 2317 3430 Nam

249 3452 386 3514 sive
420 3455 498 3514 de
534 3453 687 3515 caeli
716 3464 932 3516 natura
959 3454 1227 3531 loquitur
1257 3454 1391 3516 sive
1421 3456 1499 3515 de
1531 3462 1726 3516 terrae
1756 3452 1888 3516 sive
1919 3454 1998 3515 de
2020 3452 2229 3516 divina
2259 3451 2316 3513 vi
