2622 3908
274 196 397 262 168
1050 198 1151 257 DE
1193 197 1557 258 ORATORE

276 350 495 410 habeat
536 357 736 410 tamen
782 346 885 407 illa
929 347 988 407 in
1030 347 1292 410 dicendo
1324 347 1642 408 admiratio
1673 363 1746 406 ac
1777 363 2014 407 summa
2046 348 2176 406 laus
2207 363 2333 406 um-

273 435 444 494 bram
472 431 737 507 aliquam
771 440 833 492 et
860 447 1174 492 recessum
1194 479 1209 503 ,
1256 448 1379 508 quo
1409 430 1603 506 magis
1637 429 1730 502 id,
1778 431 1944 506 quod
1979 429 2093 490 erit
2120 428 2337 490 illumi-

275 525 480 576 natum
496 563 510 588 ,
543 524 789 577 exstare
812 524 999 591 atque
1024 516 1291 576 eminere
1318 515 1612 576 videatur.
1673 513 1811 574 102.
1848 514 2191 589 Numquam
2214 513 2340 588 agit

276 600 437 660 hunc
471 615 717 660 versum
747 598 1011 659 Roscius
1043 616 1119 659 eo
1150 608 1358 674 gestu,
1398 615 1521 673 quo
1563 606 1794 673 potest:
2389 607 2395 611 ·

359 684 511 744 Nam
564 686 802 759 sapiens
856 685 1057 743 virtuti
1091 684 1369 743 honorem
1415 685 1752 756 praemium
1767 730 1780 755 ‚
1832 683 2000 741 haud
2042 684 2340 756 praedam

1500 769 1681 842 petit.-

275 851 388 910 sed
418 848 625 910 abiicit
657 865 944 924 prorsuS‚
977 857 1043 909 ut
1074 849 1133 907 in
1167 846 1477 924 proximo:

361 936 480 996 Sed
510 935 657 1009 quid
680 930 888 994 video?
924 933 1100 1005 ferro
1122 941 1360 1011 saeptus
1391 935 1649 1010 possidet
1680 935 1848 994 sedes
1874 949 2104 1002 sacras,

276 1017 532 1090 incidat,
560 1015 849 1091 aspiciat,
882 1015 1246 1091 admiretur,
1278 1023 1613 1091 stupescat.
1671 1015 1858 1090 Quid,
1901 1014 2001 1076 ille
2031 1017 2212 1075 alter.

366 1062 532 1172 Quid'
538 1108 740 1176 petam
762 1101 1062 1175 praesidi.
1056 1097 1081 1146 ?

282 1201 461 1260 quam
493 1182 725 1255 leniter,
760 1199 942 1256 quam
972 1182 1247 1257 remisse,
1284 1201 1466 1259 quam
1496 1201 1618 1245 non
1642 1193 1925 1245 actuose!
1972 1182 2156 1244 instat
2178 1183 2337 1244 enim

363 1268 411 1329 0
432 1275 633 1343 pater,
675 1284 711 1327 o
730 1270 968 1344 patria,
1008 1285 1043 1329 o
1074 1269 1307 1329 Priami
1334 1267 1578 1329 domus!

274 1350 334 1411 in
368 1367 491 1425 quo
524 1359 689 1411 tanta
723 1349 1094 1412 commoveri
1125 1351 1285 1413 actio
1317 1369 1439 1414 non
1471 1359 1716 1427 posset,
1762 1349 1815 1411 si
1851 1357 2020 1411 esset
2055 1366 2314 1411 consum

276 1443 380 1509 pta
412 1432 733 1509 superiore
762 1443 929 1494 motu
962 1443 1022 1495 et
1050 1435 1371 1496 exhausta.
1430 1436 1642 1510 Neque
1682 1432 1746 1494 id
1776 1442 2017 1495 actores
2047 1433 2219 1509 prius
2253 1433 2340 1494 vi·

275 1517 494 1577 derunt
525 1532 707 1591 quarn
738 1514 859 1591 ipsi
888 1520 1141 1592 poetae,
1177 1535 1359 1593 quam
1387 1517 1655 1592 denique
1689 1515 1775 1577 illi
1803 1517 2025 1590 etlam,
2048 1517 2151 1593 qui
2179 1520 2339 1577 sece-

276 1609 414 1660 runt
441 1600 693 1672 modoS,
736 1615 775 1659 a
808 1599 1032 1675 quibus
1066 1601 1345 1676 utrisque
1379 1599 1764 1662 summittitur
1806 1599 2066 1677 aliquid,
2117 1600 2342 1662 deinde

276 1693 564 1758 augetur,
603 1692 998 1757 extenuatur,
1044 1683 1320 1761 inflatur,
1359 1684 1659 1757 variatur,
1713 1682 2116 1761 distinguitur.
2197 1682 2339 1745 103.

276 1769 363 1828 Ita
406 1765 484 1828 sit
528 1766 707 1828 nobis
750 1766 932 1842 igitur
973 1778 1222 1830 ornatus
1269 1777 1332 1830 et
1374 1768 1584 1830 suavis
1628 1776 1833 1829 orator
1871 1803 1955 1813 —
1996 1784 2109 1828 nec
2142 1778 2339 1829 tamen

275 1860 482 1928 potest
511 1851 684 1912 aliter
712 1869 857 1912 esse
886 1886 1002 1927 —,
1033 1862 1100 1914 ut
1128 1851 1489 1914 suavitatem
1518 1853 1741 1913 habeat
1767 1861 2074 1913 austeram
2104 1860 2165 1912 et
2196 1852 2340 1912 soli-

275 1936 447 2010 dam,
491 1953 615 1997 non
660 1936 899 1997 dulcem
937 1945 1121 2012 atque
1151 1938 1488 1999 decoctam.
1538 1937 1694 1996 Nam
1724 1934 1863 2013 ipsa
1891 1936 1972 1996 ad
2003 1938 2341 1997 ornandum

276 2028 639 2096 praecepta,
685 2037 844 2095 quae
887 2021 1136 2094 dantur,
1179 2020 1483 2082 eiusmodi
1525 2026 1694 2092 sunt,
1738 2029 1804 2081 ut
1833 2036 1908 2079 ea
1938 2020 2218 2095 quamvis
2252 2020 2339 2080 vi-

275 2102 649 2164 tiosissimus
681 2113 889 2165 orator
918 2103 1230 2181 explicare
1255 2103 1476 2181 possit.
1535 2105 1752 2178 Quare,
1783 2114 1849 2164 ut
1878 2113 2018 2165 ante
2041 2102 2188 2177 dixi,
2217 2102 2339 2180 pri·

276 2204 439 2246 mum
484 2186 640 2247 silva
681 2203 880 2247 rerum
922 2204 996 2247 ac
1026 2187 1461 2249 sententiarum
1491 2188 1907 2263 comparanda
1941 2196 2063 2260 est,
2110 2204 2232 2262 qua
2262 2189 2337 2247 de
2392 2244 2398 2250 ,

276 2281 450 2346 parte
481 2268 635 2330 dixit
661 2269 984 2331 Antonius.
1043 2271 1211 2330 Haec
1238 2272 1556 2331 formanda
1578 2273 1682 2331 filo
1706 2273 1844 2347 ipso
1870 2281 1930 2332 et
1952 2287 2177 2346 genere
2203 2288 2336 2332 ora-

276 2352 490 2424 tioniS,
522 2352 917 2413 illuminanda
946 2352 1183 2424 verbiS,
1218 2353 1509 2413 varianda
1542 2353 1878 2416 sententiis.

449 2435 585 2496 104.
622 2436 871 2497 Summa
894 2445 1095 2497 autern
1122 2438 1254 2497 laus
1280 2438 1670 2513 eloquentiae
1695 2447 1790 2499 est
1810 2437 2187 2513 amplificare
2209 2455 2337 2497 rem

276 2519 583 2591 ornando,
619 2520 785 2595 quod
817 2521 978 2580 valet
1006 2537 1128 2582 non
1156 2523 1356 2581 solum
1385 2523 1464 2582 ad
1494 2524 1842 2598 augendum
1873 2520 2102 2596 aliquid
2132 2531 2193 2583 et
2228 2524 2337 2582 tol-

276 2603 521 2663 lendum
575 2602 755 2664 altius
807 2603 1101 2680 dicendo,
1154 2607 1265 2666 sed
1317 2605 1498 2666 etiam
1538 2607 1617 2666 ad
1660 2606 2110 2666 extenuandum
2152 2613 2340 2680 atque

274 2685 699 2749 abiiciendum.
788 2688 1027 2749 XXVII.
1074 2690 1141 2749 ld
1184 2688 1566 2750 desideratur
1614 2688 1894 2750 omnibus
1935 2688 2012 2749 iis
2054 2688 2114 2748 in
2163 2687 2334 2761 lociS,

276 2787 436 2847 quos
476 2772 554 2831 ad
603 2773 787 2833 fidem
818 2771 1110 2833 orationis
1142 2771 1488 2833 faciendam
1523 2772 1797 2850 adhiberi
1828 2771 1981 2833 dixit
2009 2772 2334 2845 AntoniuS,

208 2902 211 2905 .
283 2857 372 2915 vel
407 2873 594 2930 quum
626 2857 1030 2932 explanamus
1059 2855 1291 2931 aliquid
1322 2858 1420 2917 vel
1451 2874 1636 2932 quum
1667 2855 2065 2918 conciliamus
2096 2855 2333 2917 animos

160 3002 163 3006 ,
272 2939 371 2999 vel
417 2955 603 3013 quum
649 2940 1044 3000 concitamus.
1105 2938 1244 3001 105.
1291 2939 1416 3000 Sed
1458 2940 1519 3000 in
1562 2941 1711 3015 hoc,
1759 2941 1926 3016 quod
1958 2948 2335 3015 postremum

272 3020 429 3092 dixi,
462 3020 854 3098 amplificatio
893 3031 1097 3098 potest
1127 3022 1477 3098 plurimum,
1522 3041 1719 3100 eaque
1754 3040 1875 3085 una
1906 3024 2042 3084 laus
2073 3023 2336 3086 oratoris

271 3116 369 3166 est
391 3116 452 3166 et
474 3105 727 3181 propria
748 3106 1029 3167 maxime.
1092 3105 1285 3168 Etiam
1314 3108 1507 3169 maior
1529 3117 1625 3169 est
1646 3110 1748 3169 illa
1769 3106 2126 3169 exercitatio
2154 3124 2333 3183 quam

271 3199 544 3250 extremo
619 3204 905 3248 sermone
974 3188 1258 3250 instruxit
1328 3192 1662 3262 Antonius,
1744 3192 1937 3265 primo
2008 3193 2336 3267 reiiciebat,

272 3270 561 3333 laudandi
596 3280 654 3332 et
685 3270 1088 3348 vituperandi.
1145 3269 1300 3332 Nihil
1332 3283 1426 3333 est
1457 3270 1618 3334 enim
1647 3275 1726 3334 ad
1755 3276 2249 3349 exaggerandam
2278 3282 2337 3337 et

270 3354 758 3429 amplificandam
803 3355 1139 3417 orationem
1178 3350 1730 3429 accommodatiuS,
1786 3374 1966 3433 quam
2014 3368 2335 3436 utrumque

272 3436 485 3495 horum
508 3433 985 3497 cumulatissime
1011 3440 1213 3498 facere
1239 3456 1448 3511 posse.
1501 3439 1637 3501 106.
1665 3440 2132 3515 Consequentur
2156 3442 2330 3504 etiam
