2622 3908
708 200 854 260 LlB.
877 200 922 258 I.
968 199 1132 259 CAP.
1157 207 1399 259 22—24.
1444 205 1495 265 §-
1521 207 1829 259 102—112.
2243 198 2326 259 23

248 351 314 411 hi
342 348 592 410 dicendi
620 359 726 410 aut
753 350 978 410 nullam
1008 358 1198 410 artem
1232 360 1338 410 aut
1378 358 1736 424 pertenuem
1778 349 2001 425 videri,
2046 352 2158 411 sed
2200 368 2324 412 om-

246 451 390 494 nem
423 451 565 493 esse
594 432 1046 495 contentionem
1075 433 1230 492 inter
1274 432 1554 493 homines
1597 433 1817 494 doctos
1864 433 1924 493 in
1965 435 2138 495 verbi
2179 450 2324 494 con-

247 515 555 578 troversia
590 516 874 591 positam.
964 515 1106 577 108.
1151 516 1301 575 Nam
1332 514 1384 576 si
1420 533 1520 576 ars
1550 514 1633 576 ita
1664 515 1977 591 definitur,
2023 526 2090 578 ut
2117 518 2324 592 paullo

249 609 392 660 ante
420 598 712 673 exposuit
737 597 1062 672 AntoniuS,
1101 616 1180 658 ex
1207 600 1394 659 rebus
1445 598 1694 674 penitus
1740 599 2085 677 perspectis
2116 601 2323 676 plane-

250 701 375 757 que
419 681 681 758 cognitis
725 691 908 758 atque
953 684 1030 742 ab
1068 681 1378 757 opinionis
1410 681 1658 743 arbitrio
1709 682 2003 746 seiunctis
2041 683 2323 745 scientia-

250 781 375 841 que
411 765 908 840 comprehensis,
944 783 1066 826 non
1104 765 1249 825 mihi
1277 764 1524 827 videtur
1565 783 1667 826 ars
1698 767 1960 828 oratoris
1996 784 2142 828 esse
2181 769 2323 828 ulla.

249 848 595 910 Sunt-enim
627 849 797 908 varia
831 858 891 910 et
938 850 1019 909 ad
1054 851 1368 923 vulgarem
1407 851 1894 926 popularemque
1943 867 2194 911 sensum
2223 867 2317 910 ac·

246 933 640 993 commodata
686 930 889 993 omnia
934 949 1164 1008 genera
1202 931 1386 993 huius
1438 933 1703 993 sorensis
1738 940 1987 996 nostrae
2021 932 2304 995 dictionis

246 1016 396 1077 109.
444 1015 552 1075 Sin
584 1025 786 1076 autem
820 1032 923 1089 ea,
958 1033 1119 1090 quae
1166 1017 1495 1077 observata
1538 1026 1681 1077 sunt
1718 1015 1781 1077 in
1824 1034 1945 1079 usu
1985 1033 2059 1078 ac
2105 1026 2320 1078 tracta-

245 1099 416 1161 tione
448 1098 725 1172 dicendi,
757 1098 910 1159 hacc
940 1100 1017 1158 ab
1060 1097 1410 1161 hominibus
1459 1099 1695 1160 callidis
1745 1116 1828 1163 ac„
1868 1102 2080 1176 peritis
2135 1099 2318 1160 anirn-

247 1184 520 1243 adversa
549 1198 622 1241 ac
651 1191 889 1251 notata,
919 1178 1127 1240 verbis
1158 1179 1436 1253 definita,
1497 1184 1824 1257 generibus
1847 1183 2162 1259 illustrata,
2186 1201 2320 1260 par·

246 1267 410 1328 tibus
448 1264 770 1327 distributa
799 1276 942 1326 sunt
970 1300 1056 1312 —-
1084 1266 1146 1324 id
1172 1267 1342 1340 quod
1372 1265 1553 1327 video
1585 1266 1865 1341 potuisse
1894 1268 2029 1328 fieri
2048 1301 2163 1340 —,
2197 1284 2321 1327 non

243 1348 556 1422 intelligo,
593 1350 989 1423 quamobrem
1026 1365 1181 1422 non,
1225 1348 1279 1408 si
1321 1349 1523 1410 minus
1555 1350 1657 1409 illa
1710 1350 1915 1411 subtili
1945 1350 2321 1423 definitione,

242 1443 308 1494 at
335 1432 453 1492 hac
488 1431 727 1506 vulgari
762 1431 1052 1508 opinione
1083 1448 1185 1492 ars
1216 1448 1361 1494 esse
1391 1431 1688 1495 videatur.
1775 1432 1897 1495 Sed
1933 1433 2066 1495 sive
2097 1445 2193 1495 est
2220 1451 2322 1495 ars

244 1517 382 1577 sive
416 1514 565 1575 artis
598 1517 900 1590 quaedam
932 1514 1293 1589 similitudo,
1335 1534 1459 1577 non
1495 1525 1592 1578 est
1619 1533 1694 1577 ea
1731 1516 1977 1593 quidem
2013 1517 2340 1594 negligen—

244 1601 356 1671 da3
390 1615 604 1659 verum
633 1597 1091 1674 intelligendum
1121 1606 1216 1659 est
1242 1598 1363 1659 alia
1394 1602 1694 1676 quaedam
1716 1603 1797 1661 ad
1820 1601 2320 1677 consequendam

242 1681 659 1757 eloquentiam
689 1698 832 1742 esse
863 1681 1111 1744 maiora.
1196 1683 1412 1744 XXIV.
1457 1683 1600 1746 110.
1641 1684 1790 1745 Tum
1812 1684 2115 1746 Antonius
2140 1684 2315 1745 vehe-

242 1775 483 1826 menter
515 1781 585 1825 se
614 1764 908 1826 adsentIri
961 1767 1184 1827 Crasso
1216 1766 1399 1842 dixit,
1435 1768 1604 1844 quod
1634 1786 1838 1843 neque
1880 1767 1964 1829 ita
1991 1771 2295 1844 amplecte

244 1857 415 1910 retur
447 1857 666 1922 artem,
697 1856 764 1910 ut
803 1847 846 1908 ii
876 1852 1172 1922 solerent,
1209 1850 1314 1925 qui
1344 1867 1584 1911 omnem
1626 1851 1750 1911 vim
1799 1851 2044 1912 dicendi
2088 1851 2152 1912 in
2193 1860 2322 1911 arte

248 1941 575 2009 ponerent,
606 1948 808 2008 neque
836 1949 1052 1994 rursus
1094 1948 1229 1993 eam
1270 1941 1487 2006 totam,
1532 1933 1690 1996 sicut
1727 1934 2006 2012 plerique
2049 1933 2319 2011 philoso-

245 2016 354 2093 phi
387 2019 686 2090 l'acerent,
732 2016 1106 2092 repudiaret.
1186 2016 1311 2076 Sed
1353 2015 1668 2092 existimo,
1711 2018 1940 2093 inquit,
1982 2027 2220 2092 gratum
2264 2028 2322 2078 te

246 2099 374 2168 his,
407 2099 658 2174 Crasse,
694 2101 1023 2173 facturum,
1055 2098 1108 2159 si
1143 2097 1261 2161 ista
1290 2099 1680 2176 exposueris,
1719 2117 1877 2177 quae
1905 2109 2086 2176 putas
2119 2101 2198 2160 ad
2230 2100 2310 2160 di-

248 2186 507 2245 cendum
537 2185 708 2260 pluS‚
742 2201 924 2259 quam
955 2183 1153 2259 ipsam
1183 2193 1374 2245 artem
1402 2200 1595 2260 posse
1622 2186 1947 2261 prodesse.

414 2265 555 2328 111.
599 2267 813 2327 Dicam
846 2267 1151 2343 equidem,
1189 2267 1479 2343 quoniam
1502 2266 1753 2344 institui,
1784 2276 2116 2345 petamque
2144 2285 2182 2328 a
2213 2284 2316 2329 vo-

245 2350 369 2423 bis,
401 2350 627 2426 inquit‚
659 2368 738 2412 ne
766 2352 880 2412 has
911 2368 1080 2411 meas
1121 2352 1383 2426 ineptias
1427 2353 1727 2426 efferatis3
1773 2369 2143 2428 quamquam
2192 2368 2315 2413 mo-

241 2435 508 2494 derabor
534 2433 699 2509 ipse,
731 2451 809 2496 ne
838 2444 904 2496 ut
939 2433 1188 2510 quidam
1216 2437 1506 2510 magister
1536 2445 1722 2512 atque
1750 2436 1988 2509 artifex,
2026 2435 2139 2497 sed
2172 2452 2317 2511 qua·

240 2516 296 2578 si
326 2535 488 2578 unus
520 2534 555 2577 e
585 2526 931 2592 togatorum
960 2535 1212 2578 numero
1244 2527 1430 2592 atque
1465 2536 1544 2579 ex
1576 2520 1807 2582 forensi
1835 2538 1953 2581 usu
1980 2519 2162 2580 homo
2195 2535 2317 2579 me·

244 2602 477 2664 diocris
521 2622 725 2680 neque
761 2606 1010 2665 omnino
1052 2602 1252 2674 rudiS,
1292 2601 1507 2662 videar
1549 2618 1673 2662 non
1717 2601 1854 2676 ipse
1895 2618 1933 2661 a
1962 2617 2062 2661 me
2091 2602 2320 2677 aliquid

243 2686 631 2763 promisisse,
660 2690 773 2749 sed
803 2686 1052 2748 fortuito
1083 2687 1144 2745 in
1169 2702 1518 2746 sermonem
1540 2693 1815 2746 vestrum
1844 2684 2152 2747 incidisse.
2185 2685 2319 2744 112.

243 2769 549 2845 Equidem
581 2790 768 2847 quum
798 2780 1071 2847 peterem
1101 2768 1542 2845 magistratum,
1567 2769 1845 2829 solebam
1873 2766 1933 2827 in
1962 2769 2319 2842 prensando

244 2854 555 2915 dimittere
590 2873 628 2915 a
667 2872 764 2915 me
793 2855 1187 2926 Scaevolam,
1235 2871 1421 2927 quum
1467 2852 1552 2913 ita
1595 2854 1649 2912 ei
1680 2850 1982 2920 dicerem,
2028 2866 2126 2910 me
2158 2853 2324 2910 velle

245 2954 393 2998 esse
415 2937 784 3013 ineptum,id
809 2947 956 3009 erat,
980 2946 1195 3014 petere
1216 2936 1523 3008 blandiuS,
1546 2936 1732 3010 quod,
1757 2935 1872 2996 nisi
1897 2933 2103 3010 inepte
2128 2934 2321 3007 fieret,

244 3022 409 3080 bene
431 3037 555 3081 non
583 3033 803 3097 posset
831 3021 982 3082 fieri.
1028 3022 1203 3085 Hunc
1227 3029 1432 3081 autem
1450 3037 1697 3096 semper
1721 3018 1986 3081 iudicavi
2017 3019 2324 3080 hominem

248 3121 397 3165 esse
426 3122 615 3165 unum
649 3123 727 3166 ex
757 3105 1059 3177 omnibuS,
1087 3122 1210 3181 quo
1241 3111 1573 3181 praesente
1605 3121 1721 3180 ego
1751 3103 2022 3179 ineptum
2055 3118 2198 3162 esse
2228 3117 2324 3161 me

245 3187 497 3247 minime
513 3191 733 3249 vellem
750 3210 766 3263 ;
793 3206 974 3264 quem
989 3188 1238 3265 quidem
1262 3205 1422 3250 nunc
1437 3205 1708 3249 mearum
1724 3186 2089 3262 ineptiarum
2105 3192 2324 3245 testem

248 3280 314 3331 et
342 3281 759 3347 spectatorem
775 3274 1020 3333 fortuna
1033 3272 1368 3335 constituit.
1389 3274 1540 3333 Nam
1558 3273 1704 3347 quid
1728 3279 1825 3331 est
1838 3267 2103 3344 ineptius
2142 3284 2323 3342 quam

248 3356 332 3414 de
376 3353 641 3417 dicendo
686 3356 924 3428 dicere,
967 3375 1155 3431 quum
1190 3356 1391 3433 ipsum
1432 3355 1700 3417 dicere
1731 3369 2064 3427 numquam
2099 3349 2177 3413 sit
2201 3369 2323 3414 non

249 3437 549 3514 ineptum,
582 3439 697 3500 nisi
730 3458 916 3513 quum
942 3450 1038 3500 est
1060 3439 1523 3502 necessarium?
1555 3440 1750 3512 Perge
1773 3452 1946 3506 vero,
1973 3437 2215 3505 Crasse,
2237 3435 2321 3496 in·
