2622 3908
330 215 448 277 112
1109 212 1210 271 DE
1255 205 1624 269 ORATORE

326 381 551 441 modo
596 379 1031 452 imitandis,
1075 378 1210 439 sed
1256 393 1348 437 ne
1388 370 1886 434 collocandis
1931 368 2236 445 quidem
2267 366 2410 428 tib1

331 468 578 525 locum
608 466 840 525 ullum
874 461 1299 537 reliquisti.
1356 459 1508 519 LVI.
1540 457 1684 515 227.
1719 455 1845 517 Sed
1873 456 2029 514 haec
2055 451 2292 542 tragica
2321 457 2411 510 at-

330 565 453 624 que
475 548 711 608 divina:
744 550 943 608 faceta
964 555 1171 607 autem
1202 552 1265 605 et
1283 543 1522 604 urbana
1553 537 2017 600 innumerabilia
2049 538 2146 595 vel
2182 552 2259 595 ex
2283 551 2410 630 una

330 632 620 694 contione
643 630 1023 692 meministis.
1061 631 1189 689 Nec
1214 628 1375 688 enim
1404 624 1599 686 maior
1629 621 1942 684 contentio
1976 636 2263 695 umquam
2298 619 2411 677 fuit

335 724 448 767 nec
494 707 663 781 apud
704 709 1001 783 populum
1046 705 1294 781 gravior
1318 705 1514 768 oratio
1546 724 1729 781 quam
1758 703 1941 767 huius
1974 715 2188 767 contra
2218 707 2404 767 colle-

333 807 471 866 gam
500 789 560 849 in
593 807 858 850 censura
886 806 1081 864 nuper
1109 806 1314 864 neque
1345 791 1559 864 lepore
1589 801 1649 852 et
1677 788 2008 851 festivitate
2037 788 2359 851 conditior.

503 875 703 947 Quare
731 872 881 948 tibi,
924 872 1181 944 Antoni,
1228 881 1554 947 utrumque
1597 872 1913 934 adsentior
1947 883 2007 934 et
2035 875 2284 934 multum
2314 873 2404 933 fa-

334 957 525 1019 cetias
549 957 609 1017 in
633 957 896 1017 dicendo
921 958 1225 1032 prodesse
1249 973 1441 1033 saepe
1464 967 1524 1017 et
1545 974 1653 1018 eas
1675 966 1805 1018 arte
1822 959 1987 1018 nullo
2005 958 2190 1018 modo
2209 973 2405 1031 posse

335 1041 510 1104 tradi.
568 1041 723 1102 Illud
754 1039 1001 1115 quidem
1031 1039 1331 1115 admiror,
1361 1047 1422 1101 te
1451 1041 1631 1102 nobis
1660 1039 1722 1100 in
1752 1057 1826 1102 eo
1857 1057 2083 1116 genere
2113 1038 2405 1101 tribuisse

335 1134 563 1187 tantum
615 1135 675 1186 et
731 1141 852 1185 non
909 1123 1091 1184 huius
1134 1123 1223 1184 rei
1267 1141 1519 1200 quoquc
1562 1127 1825 1199 palmam
1868 1126 1960 1202 [ut
2000 1126 2402 1202 caeterarum]

336 1210 561 1270 Crasso
605 1207 920 1270 detulisse.
993 1207 1136 1269 228.
1181 1209 1333 1269 Tum
1373 1208 1711 1270 Antonius:
1754 1208 1884 1284 Ego
1929 1224 2076 1268 vero
2109 1206 2194 1268 ita
2222 1205 2401 1267 fecis-

336 1311 496 1365 sem,
527 1291 755 1368 inquit,
784 1291 903 1352 nisi
932 1290 1237 1353 interdum
1262 1292 1326 1353 in
1355 1293 1474 1354 hoc
1500 1293 1722 1353 Crasso
1750 1293 2020 1367 paullum
2043 1291 2403 1352 inviderem.

339 1379 483 1436 Nam
529 1392 673 1437 esse
718 1375 999 1450 quamvis
1032 1378 1294 1439 facetum
1324 1384 1510 1452 atque
1541 1378 1772 1438 salsum
1800 1393 1920 1437 non
1958 1374 2137 1435 nlmis
2166 1384 2263 1436 est
2292 1392 2403 1450 per

336 1477 405 1522 se
436 1461 639 1534 ipsum
667 1457 1095 1529 invidendum;
1129 1461 1272 1532 sed,
1305 1478 1493 1535 quum
1525 1459 1793 1522 omnium
1822 1461 1901 1521 sit
1928 1452 2401 1520 venustissimus

336 1553 397 1605 et
439 1541 917 1614 urbanissimuS,
963 1541 1231 1603 omnium
1273 1543 1705 1619 gravissimum
1746 1554 1808 1606 et
1849 1542 2308 1605 severissimum
2345 1553 2403 1604 el

305 1626 306 1631 ’
336 1644 482 1688 esse·
518 1634 578 1686 et
622 1624 845 1695 videri,
896 1626 1064 1700 quod
1090 1624 1194 1687 isti
1224 1626 1477 1701 contigit
1505 1628 1640 1701 uni,
1682 1627 1746 1689 id
1775 1626 1920 1688 mihi
1951 1626 2053 1687 vix
2085 1628 2402 1688 ferendum

337 1711 674 1771 videbatur.
733 1709 875 1770 229.
915 1709 1029 1769 Hic
1058 1728 1245 1785 quum
1268 1710 1591 1773 adrisisset
1612 1714 1749 1787 ipse
1773 1712 2065 1772 Crassus=
2099 1714 2399 1784 Attamen,

336 1794 533 1872 inquit
572 1793 910 1869 AntoniuS,
956 1812 1142 1869 quum
1186 1804 1376 1856 artem
1419 1810 1563 1857 esse
1605 1794 1992 1868 facetiarum,
2035 1795 2177 1868 Iuli,
2219 1796 2403 1855 ullam

342 1895 631 1954 negareS,
665 1876 961 1954 aperuisti
997 1876 1319 1953 quiddam,
1355 1880 1522 1954 quod
1545 1877 2043 1954 praecipiendum
2071 1877 2402 1939 videretur.

339 1963 562 2025 Haberi
590 1963 751 2024 enim
780 1961 988 2024 dixisti
1013 1963 1311 2026 rationem
1336 1973 1620 2039 oportere
1642 1963 1952 2025 hominum
1970 2011 1984 2036 ,
2016 1963 2136 2036 rei,
2167 1972 2402 2038 tempo-

335 2049 452 2120 ris,
492 2064 570 2109 ne
605 2047 753 2123 quid
785 2047 958 2108 iocus
985 2049 1063 2108 de
1094 2047 1389 2123 gravitate
1419 2049 1808 2123 decerpcrct;
1856 2049 2026 2124 quod
2060 2045 2307 2123 quidem
2340 2046 2399 2108 in

338 2131 547 2210 primis
587 2148 623 2190 a
653 2133 876 2193 Crasso
913 2131 1230 2192 observari
1257 2133 1433 2192 solet.
1491 2131 1616 2193 Sed
1642 2132 1762 2194 hoc
1793 2141 2188 2207 praeceptum
2224 2149 2396 2206 prae·

337 2217 848 2278 termittendarum
878 2221 975 2274 est
995 2213 1380 2290 facetiarum,
1429 2231 1614 2290 quum
1639 2214 1714 2276 iis
1744 2215 1891 2276 nihil
1922 2233 2082 2291 opus
2114 2214 2210 2276 sit.
2274 2215 2403 2276 Nos
2486 2273 2491 2278 ,

336 2309 538 2361 autem
584 2298 894 2372 quomodo
935 2305 1204 2369 utamur,
1248 2315 1435 2372 quum
1478 2315 1637 2373 opus
1672 2299 1776 2372 sit,
1825 2297 2205 2375 quaerimus,
2244 2310 2310 2360 ut
2340 2297 2401 2358 in

336 2382 756 2444 adversarium
800 2390 860 2441 et
903 2381 1198 2453 maxime,
1244 2380 1298 2442 si
1342 2382 1475 2442 eius
1521 2381 1770 2445 stultitia
1797 2382 2022 2459 poterit
2048 2382 2291 2458 agitari,
2339 2381 2402 2442 in

339 2474 553 2528 testem
581 2466 856 2536 stultum,
902 2464 1223 2540 cupidum,
1268 2466 1496 2538 levem,
1534 2465 1589 2527 si
1619 2466 1796 2527 facile
1825 2466 2107 2527 homines
2135 2464 2405 2527 audituri

337 2548 722 2610 videbuntur.
802 2546 942 2608 230.
990 2548 1246 2610 Omnino
1277 2548 1692 2623 probabiliora
1725 2559 1893 2624 sunt,
1924 2557 2102 2626 “quae
2133 2548 2406 2611 lacessiti

337 2630 627 2707 dicimus,
664 2649 846 2707 quam
877 2649 1037 2707 quae
1065 2631 1325 2708 priores.
1384 2635 1534 2694 Nam
1566 2643 1627 2694 et
1654 2632 1879 2709 ingenii
1901 2634 2183 2695 celeritas
2207 2632 2406 2695 maior

238 2738 242 2742 ·
336 2727 449 2789 est,
482 2733 642 2792 quae
665 2724 923 2792 apparet
948 2714 1010 2776 in
1031 2717 1493 2793 respondend0‚
1525 2726 1585 2779 et
1605 2716 1997 2779 humanitatis
2023 2728 2120 2779 est
2139 2734 2402 2794 respon-

338 2800 450 2863 sio.
523 2799 821 2862 Videmur
864 2799 1026 2861 enim
1072 2799 1336 2874 quieturi
1379 2799 1600 2872 fuisse,
1646 2800 1764 2862 nisi
1794 2818 2076 2862 essemus
2110 2799 2401 2874 lacessiti,

336 2894 402 2946 ut
443 2883 503 2943 in
548 2882 669 2945 ista
708 2883 848 2959 ipsa
890 2885 1177 2946 contione
1214 2882 1363 2943 nihil
1398 2886 1527 2945 fere
1559 2885 1785 2945 dictum
1816 2895 1911 2946 est
1937 2886 2014 2946 ab
2037 2885 2189 2958 hoc,
2234 2886 2403 2960 quod

340 2966 584 3043 quidem
615 2966 872 3027 facetius
899 2966 1124 3029 dictum
1160 2967 1497 3040 videretur,
1542 2969 1708 3043 quod
1738 2985 1858 3029 non
1898 2978 2271 3043 provocatus
2306 2986 2404 3029 re·

339 3050 675 3127 sponderit.
732 3051 874 3110 Erat
896 3060 1099 3112 autem
1120 3060 1286 3112 tanta
1308 3048 1370 3109 in
1395 3051 1656 3113 Domitio
1680 3053 1969 3127 gravitaS,
1999 3062 2162 3114 tanta
2192 3060 2405 3115 aucto·

337 3135 515 3206 ritaS‚
563 3144 657 3208 ut,
705 3135 872 3208 quod
900 3145 1068 3196 esset
1098 3135 1175 3196 ab
1207 3151 1283 3195 eo
1320 3135 1653 3209 obiectum,
1685 3137 1897 3211 lepore
1932 3135 2126 3211 magis
2155 3139 2402 3197 elevan-

337 3220 480 3280 dum
514 3235 696 3292 quam
725 3218 1116 3280 contentione
1143 3219 1546 3292 frangendum
1576 3218 1904 3280 videretur.

503 3302 683 3360 LVII.
724 3300 865 3363 231.
910 3304 1058 3362 Tum
1104 3300 1440 3375 Sulpicius:
1489 3302 1646 3376 Quid
1673 3301 1898 3376 igitur?
1940 3305 2266 3379 patiemur,
2313 3302 2408 3364 in-

230 3371 239 3379 ’
342 3383 501 3458 quit,
530 3385 883 3456 Caesarem,
919 3385 1023 3460 qui
1054 3401 1425 3460 quamquam
1449 3387 1672 3446 Crasso
1702 3386 1954 3447 facetias
1977 3386 2279 3456 concedit,
2314 3394 2407 3447 ta-

323 3482 475 3526 men
519 3467 704 3526 multo
749 3465 810 3525 in
843 3484 919 3526 eo
961 3466 1163 3528 studio
1205 3468 1400 3538 magis
1432 3468 1568 3543 ipse
1590 3468 1890 3542 elaborat,
1938 3488 2059 3531 non
2091 3469 2412 3544 explicare
