2622 3908
752 232 892 291 LIB.
924 234 997 293 11.
1060 234 1227 293 CAP.
1259 243 1500 297 60—62.
1545 243 1597 302 ς.
1631 226 1942 298 ‘243—251.
2264 235 2383 295 11⁷

312 401 578 459 maxime
609 411 811 457 autem
845 399 1123 460 homines
1156 399 1464 472 delectari,
1498 399 1551 458 si
1588 403 1847 478 quando,
1868 401 2029 462 risus
2061 400 2385 462 coniuncte

313 499 385 543 re
414 483 739 555 verboque
773 491 1116 542 moveatur.
1188 483 1308 542 Sed
1352 484 1470 542 hoc
1511 494 1910 557 mementote,
1956 501 2384 559 quoscumque

311 570 493 627 locos
524 565 813 640 attingam
832 612 847 636 ‚
874 567 1039 629 unde
1069 568 1321 626 ridicula
1361 568 1680 640 ducantur,
1714 585 1793 628 ex
1824 569 2038 630 iisdem
2070 569 2223 629 locis
2254 571 2384 629 sere

315 649 499 709 etiam
531 665 759 724 graves
791 650 1126 711 sententias
1161 666 1354 725 posse
1395 650 1555 710 duci.
1613 653 1865 710 Tantum
1898 654 2182 722 interest,
2216 654 2381 727 quod

312 734 589 808 gravitas
631 732 912 792 honestis
954 734 1012 792 in
1055 734 1241 794 rebus
1283 742 1596 804 servatur,
1639 735 1813 795 iocus
1849 737 1907 795 in
1952 734 2267 811 turpiculis
2323 746 2384 795 et

314 816 497 889 quasi
550 815 930 877 deformibus
974 817 1251 891 ponitur,
1305 822 1475 876 velut
1513 818 1730 877 iisdem
1773 820 1976 879 verbis
2022 828 2082 879 et
2130 820 2382 879 laudare

313 900 475 974 frugi
506 916 754 959 servum
792 915 1126 973 possumus
1160 910 1237 972 et,
1269 900 1321 960 si
1353 910 1450 961 est
1472 919 1753 975 nequam,
1778 901 1988 963 iocari.
2041 901 2380 963 Ridiculum

315 992 417 1042 est
446 982 595 1042 illud
624 983 1036 1043 Neronianum
1070 993 1249 1044 vetus
1279 984 1339 1043 in
1385 986 1596 1044 furace
1631 1002 1844 1045 servo:
1881 987 1922 1046 S
1943 990 2139 1046 olum
2176 1001 2384 1060 esse,

315 1066 439 1125 cui
476 1065 672 1125 domi
704 1065 893 1124 nihil
936 1067 1036 1127 sit
1077 1084 1212 1126 nec
1253 1067 1737 1140 obsignatum
1779 1085 1917 1128 nec
1959 1071 2382 1130 occlusum:

319 1151 490 1222 quod
524 1148 685 1208 idem
718 1149 776 1208 in
809 1150 972 1208 bono
1009 1166 1194 1210 servo
1229 1150 1348 1210 dici
1383 1154 1562 1210 solet.
1621 1152 1744 1212 Sed
1788 1153 1905 1212 hoc
1940 1152 2156 1212 iisdem
2203 1152 2381 1211 etiam

319 1233 565 1299 verbis;
622 1230 764 1290 249.
808 1249 885 1291 ex
914 1234 1129 1293 iisdem
1161 1242 1362 1293 autem
1400 1234 1554 1293 locis
1585 1234 1788 1294 omnia
1819 1244 2174 1295 nascuntur.
2235 1236 2383 1294 Nam

305 1321 481 1393 quod
511 1318 616 1392 Sp.
650 1316 908 1377 Carvilio
939 1315 1204 1392 graviter
1234 1315 1599 1377 claudicanti
1630 1333 1709 1376 ex
1740 1317 1990 1376 vulnere
2015 1316 2092 1374 ob
2115 1331 2242 1373 rem
2268 1332 2368 1389 pu-

307 1401 530 1460 blicam
572 1410 827 1475 accepto
860 1410 921 1461 et
949 1401 1028 1461 ob
1059 1417 1196 1459 eam
1226 1416 1476 1460 causam
1509 1398 1943 1460 verecundanti
1975 1400 2033 1457 in
2068 1397 2376 1473 publicum

306 1484 559 1560 prodire
587 1493 778 1545 mater
808 1483 989 1544 dixit:
1049 1484 1238 1557 Quin
1291 1483 1599 1559 prodiS‚
1646 1485 1738 1543 mi
1789 1483 2063 1558 Spuri?
2119 1482 2376 1558 quoti·

305 1585 396 1627 en
417 1583 786 1642 scumque
834 1569 1151 1642 gradum
1203 1565 1482 1639 facieS‚
1536 1567 1837 1629 totiens
1888 1567 2028 1628 tibi
2080 1576 2376 1628 tuarum

306 1650 685 1712 virtutum
731 1651 993 1712 veniet
1035 1653 1105 1710 in
1150 1660 1499 1722 mentem3
1531 1653 1912 1726 praeclarum
1942 1661 2002 1711 et
2030 1667 2218 1725 grave
2250 1659 2374 1711 est.

306 1736 481 1809 quod
512 1735 760 1795 Calvino
794 1735 1047 1794 Glaucia
1076 1734 1472 1796 claudicantiz
1539 1733 1679 1794 Ubi
1723 1746 1841 1794 est
1883 1745 2103 1795 vetus
2149 1735 2374 1793 illud:

304 1836 475 1877 num
521 1820 963 1883 claudicat?
1029 1821 1126 1878 At
1166 1818 1289 1877 hic
1334 1818 1717 1885 clodicat3
1764 1818 1881 1875 hoc
1920 1815 2239 1875 ridiculum
2285 1825 2373 1877 est

304 1911 371 1963 et
412 1910 736 1978 utrumque
779 1919 857 1962 ex
901 1918 1007 1973 eo,
1058 1902 1224 1977 quod
1271 1900 1333 1959 in
1364 1899 1807 1960 claudicatione
1837 1898 2234 1961 animadverti
2267 1917 2374 1975 po-

304 1985 451 2058 tuit,
484 1998 578 2046 est
607 1987 875 2047 ductum.
967 1986 1156 2059 Quid
1200 1985 1347 2043 hoc
1376 1983 1670 2043 Naevio
1707 1981 2115 2057 ignavius?
2159 2000 2376 2043 severe

305 2069 555 2144 Scipio;
599 2079 661 2131 at
689 2069 749 2129 in
781 2072 939 2131 male
970 2071 1263 2129 olentem:
1307 2067 1559 2127 Video
1604 2082 1710 2126 me
1749 2083 1786 2125 a
1831 2076 1899 2125 te
1945 2066 2375 2125 circumve-

298 2152 489 2224 uiri,
539 2153 910 2213 subridicule
951 2152 1289 2228 Philippus.
1382 2154 1465 2211 At
1504 2159 1828 2224 utrumque
1868 2166 2064 2223 genus
2111 2147 2377 2211 continet

301 2236 480 2298 verbi
504 2238 580 2296 ad
608 2237 867 2298 litteram
890 2236 1182 2297 immutati
1206 2234 1556 2296 similitudo.
1613 2232 1757 2296 250.
1787 2235 1878 2293 Ex
1905 2233 2188 2309 ambiguo
2214 2232 2375 2294 dicta

305 2323 406 2379 vel
437 2320 826 2395 argutissima
858 2330 1174 2395 putantur,
1207 2321 1321 2380 sed
1349 2336 1470 2378 non
1503 2335 1748 2393 semper
1774 2317 1835 2378 in
1865 2317 2038 2392 ioco,
2068 2335 2259 2393 saepe
2290 2327 2375 2378 et-

304 2404 429 2464 iam
457 2405 515 2462 in
546 2404 843 2478 gravitate
873 2413 1212 2465 versantur.
1268 2403 1563 2465 Africano
1593 2402 1679 2462 illi
1707 2401 1920 2463 maiori
1946 2418 2236 2462 coronam
2260 2400 2376 2462 sibi

306 2487 370 2547 in
402 2487 686 2549 convivio
718 2489 796 2548 ad
828 2497 1014 2563 caput
1040 2488 1555 2557 accommodanti,
1599 2504 1788 2561 quum
1829 2504 1904 2547 ea
1934 2485 2186 2561 saepius
2215 2504 2373 2546 rum-

305 2580 586 2647 peretur,
619 2572 680 2630 P.
711 2571 982 2632 Licinius
1011 2574 1251 2632 Varus:
1293 2568 1466 2628 Noli
1511 2568 1803 2642 mirari,
1847 2570 2069 2645 inquit,
2119 2569 2184 2630 si
2228 2587 2374 2629 non

307 2654 711 2724 convenit;
758 2662 988 2730 caput
1026 2655 1225 2714 enim
1269 2670 1620 2727 magnum
1652 2661 1799 2712 est=
1841 2654 2147 2713 laudabile
2179 2664 2240 2715 et
2266 2654 2375 2713 ho·-

307 2748 568 2798 nestum.
653 2742 736 2799 At
784 2755 864 2798 ex
916 2739 1135 2798 eodem
1185 2753 1412 2812 genere
1463 2745 1586 2797 est=
1641 2736 1920 2795 Calvus
1976 2735 2172 2795 satis
2225 2746 2376 2810 est,

306 2824 517 2895 quod
550 2820 744 2882 dicit
776 2840 1051 2897 parum.
1111 2822 1199 2882 Ne
1227 2822 1444 2881 multa=
1477 2820 1706 2879 nullum
1736 2835 1930 2893 genus
1952 2825 2048 2878 est
2069 2818 2218 2892 ioci,
2251 2836 2373 2893 quo

306 2922 431 2964 non
455 2923 534 2965 ex
558 2905 777 2966 eodem
804 2923 1025 2966 severa
1054 2915 1115 2966 et
1135 2905 1348 2981 gravia
1374 2912 1705 2964 sumantur.
1746 2901 1890 2964 251.
1925 2906 2125 2978 Atque
2146 2903 2265 2963 hoc
2290 2912 2373 2963 ct-

306 2989 427 3048 iam
471 2988 1077 3049 animadvertendum
1124 2999 1247 3062 est,
1295 3006 1418 3049 uon
1462 3005 1606 3048 esse
1638 2988 1840 3048 omnia
1870 2986 2128 3049 ridicula
2150 2988 2373 3048 faceta.

305 3072 466 3145 Quid
496 3071 656 3133 enim
686 3081 893 3146 potest
919 3089 1063 3132 esse
1096 3082 1213 3132 tam
1241 3072 1565 3133 ridiculum
1598 3089 1779 3148 quam
1810 3071 2025 3133 sannio
2057 3079 2193 3132 est?
2250 3071 2372 3129 Sed

303 3172 449 3229 ore,
477 3157 678 3229 vultu,
714 3155 1022 3217 imitandis
1052 3156 1354 3228 moribuS‚
1399 3173 1585 3229 voce,
1630 3155 1897 3230 denique
1925 3171 2185 3229 corpore
2216 3154 2373 3213 ride-

304 3249 403 3300 tur
430 3241 589 3314 ipso.
649 3238 893 3299 Salsum
923 3240 1084 3298 hunc
1117 3256 1371 3313 possum
1398 3239 1604 3300 dicere
1625 3248 1811 3312 atque
1835 3239 1944 3308 ita,
1979 3255 2096 3299 non
2123 3246 2189 3296 ut
2211 3235 2373 3297 eius-

307 3325 474 3384 modi
505 3333 809 3384 oratorem
838 3339 983 3384 esse
1011 3323 1226 3394 velim,
1258 3324 1368 3383 sed
1399 3333 1466 3384 ut
1498 3322 1762 3382 mimum.
1821 3322 1994 3380 LXll.
2029 3321 2226 3394 Quare
2253 3319 2371 3395 pri·

305 3424 471 3468 mum
513 3423 710 3482 genus
753 3408 902 3480 hoc,
951 3407 1117 3479 quod
1160 3405 1350 3478 risum
1394 3408 1490 3466 vel
1535 3413 1798 3465 maxime
1834 3415 2068 3478 movet,
2115 3422 2236 3465 non
2280 3415 2373 3466 est

304 3502 613 3553 nostrum=
644 3507 976 3564 morosum,
1011 3489 1529 3565 superstitiosum,
1559 3488 1994 3564 suspiciosum,
2020 3488 2372 3563 gloriosum.
