2622 3908
678 207 824 267 LIB.
850 210 893 266 l.
943 207 1108 266 CAP.
1136 216 1204 267 24
1222 241 1294 250 —
1314 217 1402 269 26.
1448 216 1500 274 s.
1526 219 1627 270 112
1643 241 1725 251 ——
1743 221 1861 271 122.
2228 212 2310 274 25

237 377 375 422 esse
404 358 468 420 in
500 357 744 420 civitate
773 358 1027 434 gratiam
1059 368 1502 420 consecutum?
1575 361 1787 420 XXVl.
1838 361 1975 423 118.
2014 361 2142 423 Sed
2167 361 2311 437 quia

231 447 306 506 de
353 450 599 505 oratore
646 442 1026 516 quaerimus,
1070 444 1399 518 fingendus
1446 452 1541 503 est
1584 444 1764 505 nobis
1796 445 2071 508 oratione
2101 456 2312 508 nostra

232 526 522 589 detractis
567 527 851 588 omnibus
888 524 1053 588 vitiis
1090 534 1297 588 orator
1326 535 1511 601 atque
1542 529 1704 588 omni
1736 529 1918 589 laude
1948 531 2309 591 cumulatus.

228 614 444 687 'Neque
488 611 682 682 enim,
725 611 778 670 si
818 609 1136 672 multitudo
1180 609 1402 684 litium,
1448 609 1501 671 si
1548 610 1809 672 varietas
1856 630 2212 687 causarum,
2257 613 2309 674 si

232 695 384 754 haec
427 695 606 756 turba
649 704 710 755 et
752 694 1033 754 barbaria
1075 693 1341 756 forensis
1387 695 1491 755 dat
1531 697 1735 755 locum
1763 699 1862 756 vel
1895 696 2310 759 vitiosissimis

232 778 608 850 oratoribuS,
662 777 892 838 idcirco
940 795 1055 838 nos
1102 776 1246 850 hoc,
1303 780 1473 853 quod
1518 777 1898 854 quaerimu5‚
1946 781 2289 842 omittemus

229 863 445 936 Itaque
476 862 536 922 in
567 860 644 922 iis
675 861 938 935 artibus,
982 860 1043 920 in
1086 861 1310 936 quibus
1342 879 1466 922 non
1498 861 1724 923 utilitas
1758 863 2067 936 quaeritur
2095 882 2304 925 neces·

232 945 423 1019 saria,
459 946 571 1006 sed
602 944 781 1005 animi
816 944 1004 1005 libera
1037 947 1341 1020 quaedam
1372 945 1727 1019 oblectatio,
1773 964 1957 1020 quam
1991 947 2308 1024 diligenter

231 1040 292 1090 et
337 1046 522 1105 quam
566 1046 765 1104 prope
808 1027 1128 1091 fastidiose
1159 1029 1536 1091 iudicamus!
1595 1031 1808 1091 Nullae
1845 1031 2007 1091 enim
2037 1031 2173 1093 lites
2205 1049 2305 1092 ne-

234 1129 352 1188 que
397 1111 859 1174 controversiae
901 1121 1071 1186 sunt,
1117 1130 1277 1188 quae
1322 1121 1548 1189 cogant
1583 1114 1863 1175 homines
1895 1114 2052 1177 sicut
2080 1114 2138 1174 in
2174 1117 2308 1176 foro

231 1214 350 1257 non
400 1198 603 1258 bonos
648 1205 958 1271 oratoreS‚
1001 1196 1144 1258 item
1188 1197 1246 1257 in
1282 1198 1517 1258 theatro
1548 1205 1792 1258 actores
1823 1199 2019 1259 malos
2049 1198 2299 1274 perpeti

233 1280 372 1342 119.
415 1281 528 1341 Est
571 1279 754 1354 igitur
796 1279 1024 1342 oratori
1053 1280 1375 1356 diligenter
1402 1279 1882 1356 providendum,
1924 1299 2046 1342 non
2092 1282 2175 1342 uti
2218 1281 2309 1342 eis

232 1364 380 1426 satis
428 1363 640 1438 faciat,
681 1362 904 1438 quibus
949 1380 1212 1425 necesse
1243 1374 1366 1436 est,
1415 1365 1528 1425 sed
1564 1374 1630 1425 ut
1644 1361 1734 1426 eis
1763 1364 2135 1426 admirabilis
2168 1382 2312 1426 esse

228 1447 539 1517 videatur,
597 1447 821 1523 quibus
872 1447 1062 1509 libere
1120 1450 1300 1509 liceat
1349 1446 1639 1509 iudicare.
1720 1451 1841 1520 Ac,
1898 1449 1951 1510 si
1994 1449 2303 1524 quaeritiS,

226 1533 414 1613 plane
447 1532 595 1607 quid
627 1530 886 1591 sentiam
911 1532 1242 1593 enuntiabo
1281 1534 1447 1608 apud
1473 1531 1753 1594 homines
1777 1533 2306 1606 familiarissimoS,
2405 1606 2420 1617 ·

232 1617 401 1691 quod
446 1615 648 1675 adhuc
687 1631 933 1690 semper
964 1617 1128 1677 tacui
1157 1625 1218 1676 et
1247 1619 1574 1677 tacendum
1603 1615 1832 1692 putavi.
1903 1616 2082 1688 Mihi,
2130 1616 2310 1677 etiam

231 1701 336 1774 qui
381 1699 611 1774 optime
656 1697 868 1760 dicunt
915 1699 1145 1775 quique
1182 1700 1245 1760 id
1276 1699 1560 1761 facillime
1590 1710 1775 1776 atque
1807 1699 2192 1762 ornatissime
2223 1701 2308 1760 fa-

232 1799 375 1843 cere
418 1790 714 1858 possunt,
758 1791 991 1857 tamen,
1035 1782 1154 1844 nisi
1198 1782 1407 1845 timide
1450 1786 1529 1844 ad
1561 1784 1891 1845 dicendum
1919 1785 2222 1845 accedunt
2251 1792 2313 1845 et

230 1866 293 1926 in
323 1866 707 1927 exordienda
736 1865 1011 1930 oratione
1042 1868 1503 1942 perturbantur,
1545 1885 1743 1943 paene
1786 1868 2175 1943 impudentes
2224 1867 2307 1928 vi-

231 1950 482 2022 dentur;
534 1949 774 2012 tametsi
814 1950 879 2011 id
911 1950 1194 2012 accidere
1225 1969 1348 2011 non
1378 1960 1601 2026 potest.
1664 1949 1804 2012 120.
1844 1952 1924 2012 Ut
1952 1951 2110 2013 enim
2145 1952 2311 2027 quis-

236 2052 356 2110 que
386 2033 613 2110 optime
645 2033 821 2110 dicit,
853 2036 936 2096 ita
963 2033 1227 2094 maxime
1257 2033 1504 2095 dicendi
1534 2035 1955 2095 difficultatem
1977 2034 2314 2110 variosque

232 2126 490 2178 eventus
536 2118 830 2179 orationis
875 2118 1526 2195 exspectationemque
1569 2117 1878 2179 hominum
1916 2117 2293 2194 pertimescit

232 2200 348 2276 Qui
392 2219 541 2263 vero
587 2202 734 2263 nihil
778 2210 985 2277 potest
1030 2202 1280 2278 dignum
1324 2220 1421 2276 re,
1469 2202 1718 2279 dignum
1752 2204 1998 2264 nomine
2030 2201 2312 2275 oratoriS,

233 2286 486 2361 dignum
507 2286 820 2347 hominum
842 2287 1094 2348 auribus
1118 2288 1366 2348 efficere
1390 2297 1575 2363 atque
1602 2289 1807 2363 edere,
1838 2288 1891 2349 is
1914 2286 2079 2362 mihi,
2103 2286 2312 2348 etiam·

234 2369 289 2431 si
331 2380 751 2432 commovetur
795 2368 856 2430 in
897 2370 1191 2445 dicendo,
1238 2380 1434 2432 tamen
1473 2371 1801 2448 impudens
1835 2372 2095 2433 videtur.
2177 2372 2352 2432 Now¹

230 2452 394 2514 enim
422 2455 713 2529 pudendo
733 2501 747 2528 ‚
779 2457 893 2515 sed
922 2472 1045 2516 non
1077 2454 1360 2517 faciendo
1392 2455 1453 2515 id
1472 2501 1487 2528 ,
1526 2456 1696 2531 quod
1726 2473 1849 2517 non
1878 2457 2084 2529 decet,
2115 2417 2340 2530 impu-2

230 2537 477 2599 dentiae
508 2554 729 2599 nomen
760 2538 1035 2614 effugere
1065 2540 1381 2599 debemus.
1442 2538 1583 2601 121.
1626 2539 1817 2620 Quem
1860 2557 2007 2601 vero
2045 2557 2167 2600 non
2200 2557 2311 2615 pu-

233 2623 338 2682 det
364 2655 450 2665 --
478 2620 544 2681 id
580 2623 748 2698 quod
780 2622 839 2681 in
875 2621 1187 2698 plerisque
1216 2622 1401 2684 video
1426 2657 1540 2694 —-‚
1584 2623 1746 2683 hunc
1792 2641 1907 2700 ego
1945 2641 2069 2685 non
2099 2640 2309 2699 repre-

231 2704 536 2766 hensione
580 2707 811 2781 solum,
855 2708 968 2767 sed
1003 2705 1183 2767 etiam
1232 2723 1439 2782 poena
1482 2706 1731 2782 dignum
1767 2717 1936 2783 puto.
2008 2707 2313 2783 Equidem

231 2798 293 2850 et
332 2788 393 2848 in
437 2788 618 2851 vobis
662 2788 1150 2853 animadvertere
1193 2793 1370 2851 soleo
1414 2798 1475 2850 et
1513 2790 1575 2849 in
1617 2808 1715 2850 me
1757 2790 1897 2865 ipso
1943 2790 2315 2866 saepissime

229 2873 552 2948 experior,
595 2881 662 2934 ut
701 2873 1093 2934 exalbescam
1138 2874 1199 2934 in
1235 2872 1558 2950 principiis
1590 2873 1836 2934 dicendi
1866 2883 1927 2935 et
1958 2882 2082 2935 tota
2110 2884 2313 2934 mente

230 2965 417 3032 atque
448 2957 701 3018 artubus
735 2955 1017 3019 omnibus
1047 2958 1532 3019 contremiscam.
1597 2958 2117 3020 Adolescentulus
2160 2975 2314 3019 vero

230 3041 321 3100 sic
354 3039 522 3101 initio
553 3040 969 3102 accusationis
1000 3042 1383 3103 exanimatus
1416 3060 1583 3115 sum,
1628 3053 1693 3104 ut
1725 3043 1845 3103 hoc
1876 3060 2178 3104 summum
2206 3043 2316 3103 be-

227 3124 518 3185 neficium
550 3123 619 3198 Q.
647 3124 917 3186 Maximo
950 3124 1295 3201 debuerim,
1344 3127 1511 3201 quod
1543 3124 1835 3187 continuo
1867 3126 2189 3188 consilium
2221 3123 2313 3184 di-

228 3207 489 3278 miserit,
527 3207 707 3268 simul
736 3225 810 3269 ac
839 3226 936 3269 me
967 3209 1224 3270 fractum
1254 3226 1329 3271 ac
1359 3209 1738 3272 debilitatum
1765 3219 1931 3271 metu
1960 3207 2195 3269 viderit.

395 3293 543 3358 122.
601 3294 713 3354 Hic
756 3308 970 3353 omnes
1029 3293 1281 3353 adsensi
1340 3295 1687 3370 significare
1729 3293 1884 3353 inter
1936 3309 2008 3353 se
2062 3300 2122 3352 et
2178 3294 2298 3352 col·

224 3381 398 3459 loqui
460 3385 819 3454 coeperunt.
903 3374 1041 3437 Fuit
1093 3377 1251 3436 enim
1308 3379 1600 3439 mirificus
1660 3376 1907 3451 quidam
1954 3375 2016 3437 in
2076 3378 2302 3439 Crasso

224 3467 461 3537 pudor,
536 3461 640 3538 qui
695 3469 900 3521 tamen
962 3476 1085 3519 non
1148 3461 1404 3523 obesset
1461 3462 1595 3522 eius
1655 3458 1946 3532 orationi,
1999 3461 2112 3521 sed
2161 3478 2300 3532 pro-
