2622 3908
372 240 490 306 178
1146 241 1247 301 DE
1292 241 1657 302 ORATORE

364 409 612 455 sumere
652 402 916 455 aetatem
965 402 1151 468 atque
1184 402 1251 454 ut
1291 392 1495 468 possit
1527 392 1581 454 is
1620 393 1723 453 illa
1765 391 1969 454 omnia
1998 410 2282 466 cernere,
2328 395 2428 470 qui

359 477 784 544 tantummodo
825 476 1169 551 aspexeritz
1226 478 1339 537 sed
1393 475 1633 538 etiamsi
1676 484 1771 537 est
1812 477 2123 552 aliquanto
2164 475 2431 552 spissius

364 570 471 623 aut
499 561 553 622 si
588 577 705 636 ego
738 577 874 622 sum
907 559 1476 641 tardior‚·prorecto
1509 577 1841 636 numquam
1864 559 2306 636 conquiescam
2328 578 2424 622 ne-

366 662 486 723 que
516 643 901 720 defatigabor
935 652 1104 717 ante,
1148 659 1332 719 quam
1366 642 1607 705 illorum
1633 642 1933 719 ancipites
1966 644 2105 706 vias
2135 643 2428 706 rationes—

366 746 486 806 que
516 737 579 790 et
607 745 720 804 pro
753 725 1038 789 omnibus
1075 736 1136 788 et
1165 736 1379 789 contra
1407 726 1612 788 omnia
1641 727 1998 803 disputandi
2028 744 2393 804 percepero.

541 810 681 874 146.
725 814 876 872 Tum
912 811 1168 871 Caesam
1211 811 1444 885 Unum,
1486 810 1714 886 inquit,
1756 828 1855 872 me
1897 829 1975 874 ex
2007 821 2111 873 tuo
2150 829 2431 874 sermone

364 894 659 969 maxime,
690 895 941 968 Crasse,
975 893 1336 968 commovit,
1371 896 1540 970 quod
1570 911 1711 956 eum
1734 895 2004 971 negasti,
2036 895 2141 970 qui
2164 913 2287 958 non
2312 897 2432 956 cito

366 978 516 1056 quid
546 978 893 1051 didicisset,
936 994 1227 1052 umquam
1255 977 1504 1040 omnino
1536 996 1729 1054 posse
1759 979 2150 1054 perdiscere3
2194 989 2260 1041 ut
2287 978 2431 1040 mihi

365 1081 489 1125 non
521 1066 599 1125 sit
628 1061 879 1124 difficile
908 1061 1237 1137 periclitari
1269 1071 1331 1123 et
1359 1072 1464 1124 aut
1500 1063 1699 1124 statim
1728 1063 2049 1138 percipere
2080 1062 2226 1138 ista,
2274 1080 2434 1138 quae

364 1159 427 1210 tu
457 1147 663 1209 verbis
695 1148 774 1208 ad
804 1148 1041 1207 caelum
1070 1146 1370 1221 extulisti,
1409 1155 1542 1221 aut,
1587 1145 1641 1207 si
1670 1162 1793 1206 non
1826 1146 2158 1223 potuerim,
2190 1156 2432 1222 tempus

364 1249 486 1293 non
516 1232 809 1308 perdere,
840 1249 1027 1305 quum
1056 1239 1258 1293 tamen
1281 1229 1379 1290 his
1404 1231 1631 1293 nostris
1657 1231 1894 1304 possim
1917 1247 2062 1291 esse
2087 1239 2430 1292 contentus.

363 1312 508 1380 147.
551 1314 665 1376 Hic
697 1313 1039 1390 Sulpicius=
1083 1316 1214 1390 Ego
1256 1331 1440 1389 vero,
1484 1313 1708 1390 inquit,
1754 1314 2005 1387 Crasse,
2053 1331 2254 1388 neque
2296 1313 2429 1375 Ari-

363 1400 645 1462 stotelem
674 1397 857 1460 istum
886 1415 1091 1474 neque
1123 1399 1500 1459 Carneadem
1529 1414 1643 1459 nec
1681 1397 2192 1473 philosophorum
2222 1415 2431 1474 quem-

365 1499 548 1559 quam
578 1481 899 1556 desidero,
944 1483 1044 1543 vel
1081 1499 1178 1542 me
1207 1483 1349 1545 licet
1378 1480 1693 1543 existimes
1725 1482 2060 1557 desperare
2091 1481 2211 1543 ista
2238 1497 2432 1557 posse

362 1566 722 1643 perdiscere
748 1566 881 1639 vel,
926 1564 989 1625 id
1019 1567 1189 1641 quod
1220 1564 1414 1640 facio,
1462 1574 1873 1627 contemnere.
1930 1564 2081 1625 Mihi
2108 1582 2312 1626 rerum
2342 1566 2424 1626 ro-

363 1650 631 1712 rensium
674 1658 735 1710 et
778 1648 1194 1710 communium
1234 1648 1508 1725 vulgaris
1546 1651 1700 1710 haec
1731 1648 1998 1725 cognitio
2031 1648 2183 1710 satis
2214 1665 2436 1724 magna

363 1741 460 1796 est
488 1735 568 1794 ad
598 1749 764 1808 eam,
798 1751 983 1808 quam
1015 1742 1266 1809 specto,
1306 1733 1753 1808 eloquentiam;
1801 1749 1882 1793 ex
1913 1750 2034 1808 qua
2062 1733 2204 1808 ipsa
2231 1742 2436 1794 tamen

365 1819 663 1894 permulta
705 1817 951 1890 nescio;
1009 1835 1168 1895 quae
1208 1826 1335 1879 tum
1377 1816 1675 1894 denique,
1729 1835 1917 1892 quum
1972 1834 2164 1879 causa
2206 1817 2433 1892 aliqua,

367 1920 526 1979 quae
553 1918 590 1963 a
618 1919 716 1964 me
748 1901 1015 1964 dicenda
1037 1911 1149 1976 est,
1183 1902 1512 1977 desiderat,
1546 1917 1796 1977 quaero.
1858 1901 2282 1977 Quamobrem,
2311 1899 2439 1962 nisi

365 1989 519 2048 rorte
563 2004 634 2048 es
678 1985 799 2046 iam
829 1988 1119 2048 defessus
1147 1995 1209 2048 et
1238 1986 1292 2048 si
1322 1986 1429 2048 tibi
1467 1999 1842 2061 non‘graves
1874 2004 2117 2058 sumuS,
2160 1987 2324 2046 refer
2354 1985 2438 2045 ad

364 2073 466 2133 illa
492 2079 583 2143 te,
623 2088 785 2146 quae
813 2073 893 2131 ad
924 2070 1123 2148 ipsius
1155 2070 1450 2136 orationis
1481 2071 1724 2132 laudem
1747 2071 2266 2145 splendoremque
2291 2086 2435 2144 per-

363 2154 585 2225 tinent;
629 2171 790 2230 quae
820 2170 937 2231 ego
968 2172 1047 2216 ex
1081 2163 1142 2216 te
1171 2154 1384 2216 audire
1414 2153 1610 2230 volui,
1655 2171 1777 2214 non
1808 2163 1875 2215 ut
1906 2155 2304 2230 desperarem
2335 2170 2438 2213 me

364 2238 779 2315 eloquentiam
808 2237 1112 2314 consequi
1141 2255 1367 2313 posse,
1402 2240 1515 2299 sed
1544 2248 1610 2300 ut
1638 2236 1867 2314 aliquid
1899 2239 2304 2299 addiscerem.

529 2323 826 2385 XXXVII.
880 2320 1021 2384 148.
1065 2322 1215 2383 Tum
1248 2322 1539 2383 Crassusz
1584 2322 1980 2398 Pervulgatas
2010 2338 2111 2382 res
2140 2319 2439 2397 requiris,

362 2404 586 2481 inquit,
620 2413 679 2466 et
707 2404 813 2467 tibi
846 2422 968 2465 non
990 2404 1368 2482 incognitaS‚
1402 2404 1654 2482 Sulpici.
1717 2405 1866 2481 Quis
1891 2405 2052 2467 enim
2076 2407 2154 2466 de
2178 2404 2298 2465 isto
2328 2422 2439 2481 ge-

364 2505 508 2551 nere
538 2506 660 2550 non
693 2488 933 2566 docuit,
968 2506 1091 2550 non
1120 2489 1409 2564 instituit,
1457 2507 1580 2551 non
1607 2489 1903 2563 scriptum
1940 2489 2120 2550 etiam
2143 2487 2443 2565 reliquit?

362 2571 487 2636 Sed
516 2588 725 2648 geram
754 2590 987 2635 morem
1022 2583 1084 2636 et
1108 2591 1185 2636 ea
1214 2575 1547 2649 dumtaxat,
1577 2590 1737 2651 quae
1766 2572 1908 2635 mihi
1934 2583 2080 2634 nota
2104 2583 2265 2646 sunt,
2293 2573 2440 2633 bre-

354 2656 515 2719 viter
541 2675 850 2735 exponam
883 2657 1018 2730 tibh
1068 2659 1339 2719 censebo
1373 2667 1572 2720 tamen
1603 2658 1685 2718 ad
1715 2675 1859 2731 eoS,
1907 2656 2013 2734 qui
2055 2666 2346 2718 auctores
2378 2666 2442 2718 et

354 2744 713 2806 inventores
742 2753 883 2804 sunt
911 2743 1123 2805 harum
1155 2759 1306 2804 sane
1329 2742 1694 2803 minutarum
1715 2759 1916 2804 rerum
1932 2787 1948 2814 ,
1977 2741 2444 2803 revertendum.

359 2824 501 2887 149.
548 2825 758 2888 Omnis
802 2825 983 2903 igitur
1024 2826 1217 2888 oratio
1261 2826 1585 2888 conficitur
1614 2843 1692 2887 ex
1722 2825 1961 2897 verbis3
2009 2841 2272 2901 quorum
2310 2823 2440 2900 pri-

357 2925 520 2969 mum
564 2911 744 2971 nobis
785 2909 940 2972 ratio
973 2909 1330 2987 simpliciter
1359 2910 1629 2970 videnda
1659 2918 1782 2983 est,
1824 2910 2047 2971 deinde
2083 2908 2438 2971 coniuncte.

354 2993 505 3054 Nam
552 3002 648 3055 est
689 2992 938 3069 quidam
982 3010 1232 3056 ornatus
1273 2992 1600 3068 orationiS‚
1647 2992 1751 3069 qui
1793 3010 1872 3054 ex
1916 2992 2176 3069 singulis
2220 2991 2440 3053 verbis

354 3086 480 3148 est;
528 3076 718 3152 alius,
762 3077 868 3152 qui
906 3094 987 3138 ex
1026 3076 1400 3140 continuatis
1445 3076 1920 3153 coniunctisque
1949 3085 2211 3139 constat.
2266 3077 2439 3152 Ergo

354 3169 593 3246 utemur
622 3162 828 3222 verbis
856 3171 961 3223 aut
988 3160 1095 3236 iis,
1135 3179 1294 3238 quae
1341 3160 1591 3238 propria
1633 3170 1775 3223 sunt
1819 3170 1881 3223 et
1909 3170 2076 3223 certa
2109 3159 2292 3238 quasi
2326 3177 2437 3221 vo-

356 3247 575 3306 cabula
601 3262 804 3305 rerum
821 3291 835 3317 ,
868 3262 1065 3321 paene
1087 3263 1211 3306 una
1232 3255 1375 3307 nata
1400 3262 1539 3306 cum
1564 3247 1750 3306 rebus
1774 3243 1963 3321 ipsis3
1996 3252 2101 3305 aut
2128 3244 2236 3319 iis,
2267 3260 2440 3321 quae

355 3330 801 3389 transferuntur
824 3337 883 3388 et
908 3328 1086 3403 quasi
1109 3330 1307 3390 alieno
1331 3330 1391 3389 in
1414 3330 1554 3391 loco
1577 3329 1983 3401 collocantur3
2016 3334 2121 3389 aut
2141 3326 2237 3402 iis,
2269 3345 2440 3404 quae

355 3428 654 3472 novamus
697 3420 759 3473 et
803 3411 1057 3473 facimus
1102 3412 1241 3488 ipsi.
1304 3412 1447 3474 150.
1492 3413 1558 3472 ln
1589 3411 1856 3489 propriis
1885 3410 2066 3487 igitur
2095 3421 2193 3473 est
2219 3410 2439 3472 verbis

354 3489 454 3549 illa
484 3494 617 3551 laus
650 3493 944 3560 oratoris,
973 3505 1040 3556 ut
1068 3496 1306 3557 abiecta
1337 3506 1524 3570 atque
1556 3497 1836 3558 obsoleta
1869 3495 2087 3570 fugiat,
2132 3493 2312 3556 lectis
2341 3504 2440 3555 at·
