2622 3908
644 256 789 315 LlB.
823 257 893 313 Il.
941 255 1105 314 CAP.
1136 262 1399 317 72—74.
1444 261 1496 320 5.
1526 263 1860 317 293—301.
2169 256 2293 318 129

205 409 298 469 hil
355 406 457 468 tibi
501 405 558 466 in
612 415 856 467 oratore
886 404 1083 466 maius
1115 422 1257 466 esse
1287 404 1584 466 videatur.
1672 407 1934 465 LXXIV.
1984 407 2125 469 298.
2191 407 2294 467 Di-

209 509 354 552 cam
406 490 721 565 equidem,
772 490 1023 561 Caesar,
1083 489 1304 564 inquit,
1345 489 1517 563 [quid
1565 491 1943 564 intelligam3]
1975 493 2088 550 sed
2129 499 2189 551 et
2231 501 2292 552 tu

208 585 274 636 et
328 590 443 634 vos
493 574 611 634 hoc
664 589 908 645 omneS,
975 571 1197 646 inquit,
1258 580 1656 646 mementote,
1713 589 1836 632 non
1888 591 1985 634 me
2035 577 2111 634 de
2155 592 2294 649 per·

211 656 365 719 fecti
421 656 680 718 oratoris
725 656 1040 716 divinitate
1083 656 1348 730 quadam
1389 655 1591 730 loqui,
1634 658 1747 716 sed
1789 658 1866 716 de
1909 658 2289 718 exercitatio-

212 743 315 801 nis
385 747 448 801 et
500 738 965 801 consuetudinis
1026 756 1198 800 meae
1256 739 1692 800 mediocritate.
1781 740 1985 800 Crassi
2045 742 2289 815 quidem

210 840 589 898 responsum
632 824 992 884 excellentis
1036 824 1358 883 cuiusdam
1400 831 1496 883 est
1535 822 1763 898 ingenii
1805 840 1877 883 ac
1929 822 2286 898 singularis,

213 908 317 968 cui
375 905 624 981 quidem
670 905 935 982 portenti
977 906 1175 967 simile
1223 923 1367 967 esse
1417 907 1616 967 visum
1658 915 1754 967 est
1788 922 1979 982 posse
2023 906 2282 981 aliquen:

212 989 478 1051 inveniri
535 1000 870 1059 oratorem,
927 988 1032 1063 qui
1072 989 1306 1064 aliquid
1348 990 1486 1048 mali
1532 993 1761 1050 faceret
1801 989 2064 1050 dicendo
2109 992 2289 1050 obes·

213 1083 438 1148 setque
490 1073 578 1147 ei,
631 1090 814 1148 quem
862 1074 1248 1133 defenderet:
1322 1073 1463 1133 299.
1509 1073 1652 1134 facit
1699 1072 1859 1132 enim
1901 1074 1979 1134 de
2024 1091 2093 1134 se
2143 1090 2288 1134 con-

212 1161 542 1227 iecturam;
587 1155 764 1217 cuius
798 1166 963 1216 tanta
996 1156 1089 1215 vis
1119 1156 1346 1231 ingenii
1377 1167 1500 1227 est,
1544 1166 1611 1216 ut
1650 1157 1951 1216 neminem
1993 1156 2110 1216 nisi
2142 1174 2285 1217 con-

213 1243 379 1302 sulto
436 1248 634 1315 putet,
687 1241 857 1314 quod
907 1248 1120 1300 contra
1177 1257 1246 1299 se
1299 1239 1505 1315 ipsum
1549 1241 1653 1312 sit,
1712 1241 1948 1311 dicere3
2007 1241 2120 1300 sed
2170 1257 2286 1315 ego

212 1342 343 1385 non
386 1325 463 1384 de
505 1323 838 1398 praestanti
886 1325 1149 1398 quadam
1191 1333 1252 1383 et
1279 1323 1533 1397 eximia,
1578 1325 1690 1383 sed
1720 1340 1915 1398 prope
1945 1325 2023 1385 de
2051 1324 2290 1399 vulgari

211 1417 274 1469 et
301 1406 607 1467 communi
639 1407 1039 1480 intelligentia
1068 1407 1418 1480 disputabo.
1463 1406 1651 1479 Apud
1674 1405 1946 1466 Graecos
1984 1410 2171 1468 fertur
2198 1407 2289 1468 in-

214 1492 496 1552 credibili
554 1491 816 1566 quadam
860 1485 1272 1566 magnitudine
1323 1491 1562 1551 consilii
1609 1500 1793 1566 atque
1835 1491 2061 1566 ingenii
2101 1493 2290 1554 Athe-

214 1574 453 1636 niensis
506 1575 608 1635 ille
665 1574 859 1634 fuisse
900 1573 1370 1645 Themistocles3
1419 1576 1499 1635 ad
1547 1592 1729 1650 quem
1779 1577 2027 1650 quidam
2070 1578 2283 1638 doctus

210 1660 402 1719 homo
437 1668 622 1732 atque
651 1658 712 1717 in
744 1658 953 1732 primis
981 1657 1255 1718 eruditus
1278 1661 1627 1719 accessisse
1649 1658 1872 1719 dicitur
1895 1659 2077 1735 eique
2101 1669 2290 1720 artem

213 1742 579 1813 memoriae,
627 1758 787 1816 quae
828 1750 952 1801 tum
1004 1741 1260 1816 primum
1304 1743 1760 1816 proferebatur,
1805 1743 2111 1817 pollicitus
2146 1760 2290 1802 esse

214 1843 287 1886 sc
318 1825 708 1895 traditurum;
742 1842 926 1899 quum
957 1825 1057 1885 ille
1090 1824 1440 1900 quaesisset
1471 1824 1758 1900 quidnam
1787 1824 1891 1884 illa
1912 1842 2014 1884 ars
2039 1825 2290 1884 efficere

216 1918 468 1986 posset,
503 1907 739 1969 dixisse
769 1909 937 1969 illum
973 1909 1319 1980 doctorem,
1364 1916 1430 1969 ut
1460 1907 1662 1968 omnia
1690 1908 2095 1978 meminisset3
2117 1905 2288 1976 [efflei

212 1992 686 2053 Themistoclem
727 1993 1131 2067 respondisse
1172 1991 1403 2066 gratius
1440 1990 1555 2052 sibi
1597 1990 1763 2050 illum
1793 2008 1936 2051 esse
1969 1993 2286 2065 facturum,

218 2074 275 2137 si
338 2093 406 2135 se
458 2074 741 2135 oblivisci
788 2092 947 2150 quae
999 2076 1186 2135 vellet
1234 2092 1418 2149 quam
1461 2074 1514 2135 si
1555 2073 1908 2135 meminisse
1951 2076 2287 2136 docuisset.

214 2159 365 2220 300.
409 2158 686 2219 Videsne
730 2176 890 2233 quae
932 2159 1028 2219 vis
1069 2158 1131 2219 in
1184 2158 1432 2219 homine
1473 2157 1752 2219 acerrimi
1794 2158 2051 2233 ingenii,
2102 2175 2286 2233 quam

219 2253 445 2319 potens
475 2252 535 2303 et
564 2252 792 2318 quanta
826 2260 1000 2303 mens
1033 2235 1254 2303 suerit?
1288 2243 1390 2317 qui
1420 2242 1502 2302 ita
1528 2243 1949 2317 responderit,
1982 2251 2044 2303 ut
2072 2242 2272 2304 intelli-

216 2342 368 2403 gere
408 2343 737 2400 possemus
782 2326 929 2387 nihil
970 2344 1051 2386 ex
1095 2327 1257 2387 illius
1289 2328 1526 2401 animo,
1571 2327 1739 2402 quod
1776 2330 1965 2387 semel
2003 2336 2171 2387 esset
2198 2326 2288 2385 in-

219 2413 456 2480 fusum,
500 2426 790 2485 umquam
834 2409 1091 2470 effluere
1134 2410 1445 2485 potuisse;
1497 2427 1684 2486 quum
1728 2411 1975 2485 quidem
2024 2411 2080 2471 ei
2113 2412 2291 2472 suerit

216 2492 552 2569 optabilius
624 2493 902 2554 oblivisci
966 2510 1157 2568 posse
1218 2494 1425 2569 potius
1478 2496 1645 2569 quod
1697 2494 2051 2556 meminisse
2101 2496 2291 2556 nollet

220 2594 404 2653 quam
457 2578 625 2651 quod
667 2579 856 2637 semel
902 2576 1179 2638 audisset
1224 2576 1564 2638 vidissetve
1598 2577 1969 2638 meminisse.
2029 2579 2155 2638 Sed
2185 2596 2289 2638 ne·

219 2677 345 2735 que
394 2668 646 2735 propter
696 2661 817 2721 hoc
866 2660 1256 2721 Themistocli
1306 2678 1679 2736 responsum
1738 2660 2067 2721 memoriae
2108 2662 2289 2722 nobis

217 2760 414 2820 opera
457 2745 662 2803 danda
711 2762 833 2806 non
878 2753 973 2804 est
1013 2761 1218 2819 neque
1259 2743 1363 2803 ilia
1404 2760 1540 2804 mea
1572 2743 1772 2803 cautio
1806 2752 1867 2803 et
1909 2742 2192 2803 timiditas
2229 2744 2286 2804 in

216 2826 429 2888 causis
482 2836 735 2902 propter
781 2836 1193 2903 praestantem
1236 2827 1624 2902 prudentiam
1668 2826 1873 2887 Crassi
1923 2826 2290 2902 negligenda

214 2920 332 2971 est.
409 2912 684 2985 Uterque
726 2911 886 2971 enim
928 2912 1184 2971 istorum
1226 2929 1347 2971 nou
1398 2910 1540 2970 mihi
1583 2909 1779 2971 attulit
1823 2910 2124 2985 aliquam,
2178 2913 2291 2972 sed

212 3011 393 3055 suam
437 2994 805 3070 significavit
846 2996 1210 3055 facultatem.
1268 2993 1414 3055 301.
1459 2994 1696 3055 Etenim
1728 2997 2029 3070 permulta
2059 2996 2288 3056 suntin

212 3077 427 3139 causis
468 3076 529 3137 in
562 3077 726 3137 omni
756 3087 929 3153 parte
959 3077 1252 3139 orationis
1284 3078 1868 3154 circumspicienda,
1911 3096 1989 3139 ne
2020 3078 2170 3154 quid
2201 3081 2289 3139 of·

210 3163 471 3234 sendaS,
515 3178 592 3221 ne
637 3180 757 3236 quo
804 3161 1021 3222 irruas.
1081 3161 1283 3236 Saepe
1326 3161 1549 3237 aliquis
1593 3162 1768 3223 testis
1809 3172 1913 3223 aut
1951 3179 2072 3223 non
2108 3163 2291 3222 laedit

208 3255 321 3306 aut
347 3244 548 3306 minus
581 3245 783 3318 laedit,
815 3243 932 3305 nisi
965 3246 1334 3317 lacessatur;
1376 3255 1508 3306 orat
1541 3263 1703 3318 reuS,
1736 3256 1955 3320 urgent
1983 3246 2288 3319 advocati,

208 3339 280 3391 ut
301 3328 682 3402 invehamur,
709 3330 948 3392 utmale
964 3327 1260 3403 dieamus,
1286 3329 1556 3404 denique
1572 3337 1636 3389 ut
1659 3330 2133 3404 interrogemus=
2166 3347 2289 3391 non

207 3429 500 3483 moveor,
532 3430 654 3473 non
684 3414 1072 3487 obtemperO,
1109 3430 1232 3472 non
1265 3412 1579 3473 satisfacio
1599 3459 1613 3485 ,
1651 3429 1854 3487 neque
1885 3421 2083 3474 tamen
2107 3416 2289 3475 ullam

209 3499 533 3573 adsequor
556 3497 817 3557 laudem.
853 3495 1147 3557 Homines
1176 3495 1338 3557 enim
1365 3495 1630 3571 imperiti
1653 3495 1891 3557 facilius
1918 3503 2087 3572 quod
2110 3502 2290 3560 stulte

302 3598 414 3641 cic.
457 3582 507 3640 Ι.
551 3589 586 3640 2
1835 3588 1869 3633 Ω
