2622 3908
747 253 893 314 LIB.
929 255 1027 315 111.
1072 255 1238 315 cAP.
1266 263 1301 318 9
1322 290 1389 300 —
1411 266 1496 318 11.
1539 263 1590 323 S·
1621 265 1884 320 32—40.
2236 259 2355 323 153

267 408 366 467 vel
398 402 663 466 maxime
698 402 942 481 insigne
976 405 1125 468 illud
1158 409 1540 483 exemplum,
1577 417 1642 469 ut
1672 418 1951 471 caeteras
1981 421 2144 473 artes
2182 412 2354 476 omit·

267 503 487 561 tamuS,
523 489 695 565 quod
716 488 962 552 dicebat
983 491 1287 552 Isocrates
1314 492 1533 553 doctor
1553 491 1880 566 singularis
1908 512 1979 556 se
2012 495 2355 559 calcaribus

265 574 328 634 in
372 572 654 649 Ephoro,
717 583 931 634 contra
971 583 1172 635 autem
1215 573 1276 634 in
1321 576 1723 651 Theopompo
1771 576 1959 639 frenis
2000 578 2089 640 uti
2132 580 2354 641 solere.

266 659 544 718 Alterum
604 655 766 717 enim
822 660 1234 719 exsultantem
1283 659 1615 719 verborum
1657 660 1918 720 audacia
1967 661 2355 740 reprimebat,

268 743 529 803 alterum
563 748 953 802 cunctantem
987 750 1048 802 et
1082 741 1261 817 quasi
1298 744 1815 804 verecundantem
1856 743 2162 806 incitabat.
2240 749 2351 807 Ne-

269 841 392 900 que
422 841 533 885 eos
564 823 798 885 similes
830 824 1035 886 effecit
1058 825 1214 886 inter
1238 842 1337 899 se,
1370 827 1485 886 sed
1510 836 1738 888 tantum
1761 827 1935 890 alteri
1957 829 2246 904 adfinxit,
2276 832 2355 893 de

268 910 461 969 altero
493 907 757 981 limavit,
793 916 857 970 ut
883 908 948 968 id
978 910 1393 970 conformaret
1421 908 1482 971 in
1514 920 1796 986 utroque,
1834 912 2004 987 quod
2033 911 2354 989 utriusque

271 1002 489 1053 natura
516 1000 846 1068 pateretur.
903 993 976 1053 Χ.
1017 991 1121 1056 37.
1167 994 1335 1053 Haec
1364 1010 1440 1054 eo
1472 994 1617 1055 mihi
1647 995 2063 1071 praedicenda
2092 998 2350 1070 fuerunt,

270 1085 367 1149 ut,
411 1075 465 1137 si
508 1092 632 1137 non
677 1075 913 1152 omnia,
984 1091 1143 1149 quae
1198 1087 1691 1152 proponerentur
1724 1097 1761 1139 a
1796 1097 1921 1151 me,
1968 1082 2047 1140 ad
2083 1080 2352 1142 omnium

270 1170 548 1221 vestrum
581 1159 853 1221 studium
886 1166 951 1221 et
984 1162 1065 1221 ad
1098 1177 1295 1237 genus
1333 1160 1426 1235 id,
1471 1163 1641 1238 quod
1679 1162 1948 1239 quisque
1982 1173 2254 1225 vestrum
2290 1164 2352 1225 in

267 1243 533 1306 dicendo
580 1245 898 1319 probaret,
944 1245 1490 1321 adhaerescerent,
1541 1245 1605 1306 id
1647 1264 1686 1306 a
1727 1264 1825 1308 me
1859 1264 2055 1322 genus
2092 1248 2351 1324 exprimi

268 1326 607 1400 sentiretis,
647 1329 817 1403 quod
847 1327 1109 1389 maxime
1140 1328 1283 1388 mihi
1316 1328 1438 1404 ipsi
1474 1331 1855 1406 probaretur.

434 1412 597 1488 Ergo
631 1411 785 1472 haec
820 1421 880 1474 et
922 1413 1165 1487 agenda
1198 1419 1344 1474 sunt
1376 1414 1455 1473 ab
1501 1422 1774 1489 oratore,
1820 1432 1979 1490 quae
2022 1414 2353 1493 explicavit

267 1493 605 1568 Antonius,
644 1503 703 1555 et
732 1496 997 1557 dicenda
1025 1498 1295 1573 quodam
1326 1499 1533 1560 modo.
1608 1497 1864 1573 Quinam
1895 1499 2077 1574 igitur
2105 1499 2349 1562 dicendi

266 1589 367 1642 est
398 1580 621 1640 modus
656 1579 872 1641 melior
896 1614 983 1626 —-
1017 1597 1158 1641 nam
1193 1583 1271 1642 de
1303 1581 1547 1644 actione
1584 1590 1727 1659 post
1762 1582 1974 1645 videro
2003 1618 2117 1657 —-,
2168 1603 2351 1661 quam

268 1672 337 1726 ut
361 1662 601 1734 Latine,
630 1671 698 1724 ut
725 1665 941 1740 plane,
970 1673 1038 1726 ut
1065 1673 1309 1738 ornate,
1342 1674 1409 1727 ut
1428 1668 1509 1727 ad
1529 1665 1623 1739 id,
1656 1668 2091 1744 quodcumque
2114 1678 2348 1744 agetur,

265 1757 415 1824 apte
457 1756 992 1825 congruenterque
1035 1748 1360 1810 dicamus?
1429 1750 1531 1811 38.
1575 1752 1780 1825 Atque
1824 1767 2036 1812 eorum
2081 1752 2347 1827 quidem,

267 1848 432 1909 quae
461 1832 585 1892 duo
615 1831 812 1908 prima
843 1831 1001 1907 dixi,
1031 1832 1331 1894 rationem
1359 1849 1482 1893 non
1513 1831 1775 1894 arbitror
1804 1834 2156 1909 exspectari
2186 1852 2223 1895 a
2252 1853 2352 1897 me

268 1915 406 1994 puri
437 1915 812 1993 dilucidique
842 1915 1165 1979 sermonis.
1211 1917 1425 1993 Neque
1455 1914 1616 1978 enim
1643 1932 1938 1978 conamur
1960 1919 2187 1980 docere
2210 1936 2349 1981 eum

266 2000 495 2075 dicere,
527 2000 633 2077 qui
657 2001 829 2078 loqui
854 2001 1122 2073 nesciat,
1155 2018 1269 2062 nec
1295 2018 1580 2078 sperare,
1613 1999 1717 2077 qui
1742 2000 1955 2063 Latine
1978 2019 2100 2062 non
2129 2003 2345 2078 possit,

270 2087 433 2146 hunc
463 2093 677 2146 ornate
707 2102 849 2147 esse
879 2085 1214 2158 dicturum3
1250 2102 1457 2161 neque
1487 2101 1656 2159 vero,
1695 2084 1801 2159 qui
1830 2103 1954 2147 non
1986 2085 2149 2147 dicat
2180 2088 2349 2162 quod

267 2168 710 2245 intelligamus,
745 2171 910 2230 hunc
945 2187 1134 2246 posse
1178 2171 1350 2246 quod
1390 2168 1760 2231 admiremur
1789 2168 2015 2230 dicere.
2086 2168 2347 2245 Linqua-

268 2270 406 2314 mus
446 2252 627 2328 igitur
669 2254 853 2325 haec,
916 2272 1076 2331 quae
1120 2252 1532 2330 cognitionem
1570 2254 1797 2314 habent
1842 2253 2111 2328 facilem,
2168 2271 2349 2316 usum

269 2336 708 2398 necessarium.
777 2339 925 2398 Nam
948 2339 1206 2400 alterum
1236 2338 1491 2400 traditur
1521 2337 1732 2400 litteris
1763 2337 2168 2414 doctrinaque
2201 2356 2348 2415 pue-

269 2419 396 2491 rili,
442 2421 696 2483 alterum
732 2421 1056 2483 adhibetur
1091 2424 1170 2488 ob
1207 2439 1344 2483 eam
1376 2440 1656 2495 causam,
1705 2431 1772 2484 ut
1798 2422 2164 2498 intelligatur
2201 2422 2351 2501 quid

268 2503 539 2580 quisque
569 2504 760 2576 dicat,
797 2508 964 2582 quod
995 2507 1274 2567 videmus
1305 2506 1388 2567 ita
1410 2523 1555 2567 esse
1578 2508 2029 2581 necessarium,
2062 2517 2126 2569 ut
2150 2519 2349 2570 tamen

267 2604 348 2650 eo
378 2587 578 2650 minus
608 2588 754 2650 nihil
784 2606 927 2651 esse
959 2589 1176 2666 possit.
1239 2590 1341 2651 39.
1391 2590 1517 2650 Sed
1547 2589 1746 2650 omnis
1778 2590 2073 2666 loquendi
2104 2593 2349 2668 elegan-

269 2670 384 2746 tia,
429 2690 802 2750 quamquam
832 2673 1140 2751 expolitur
1170 2672 1427 2735 scientia
1455 2671 1817 2746 litterarum,
1865 2683 2062 2734 tamen
2092 2687 2350 2751 augetur

270 2757 550 2831 legendis
602 2757 948 2819 oratoribus
997 2767 1058 2820 et
1100 2759 1324 2834 poetis.
1395 2757 1551 2818 Sunt
1593 2755 1755 2817 enim
1797 2756 1882 2816 illi
1923 2766 2199 2831 veteres,
2247 2758 2350 2835 qui

271 2856 494 2901 ornare
537 2843 809 2903 nondum
858 2850 1139 2918 poterant
1179 2859 1284 2914 ea,
1334 2858 1492 2918 quae
1535 2840 1850 2916 dicebant,
1895 2858 2110 2902 omnes
2153 2859 2353 2919 prope
2424 2845 2447 2872 Χ

271 2926 590 3001 praeclare
626 2925 842 2996 locuti;
890 2943 1150 3002 quorum
1188 2943 1472 2987 sermone
1507 2924 1848 2988 adsuefacti
1886 2924 2227 3002 quierunt,
2272 2944 2352 2988 ne

270 3006 595 3084 cupientes
630 3010 881 3087 quidem
917 3018 1205 3087 poterunt
1238 3009 1410 3086 loqui
1444 3009 1561 3071 nisi
1593 3009 1821 3070 Latine.
1900 3011 2109 3086 Neque
2147 3020 2346 3072 tamen

265 3093 385 3154 erit
427 3095 713 3155 utendum
758 3093 964 3155 verbis
1008 3094 1112 3168 iis,
1161 3093 1386 3171 quibus
1420 3092 1542 3155 iam
1572 3097 1955 3157 consuetudo
1987 3104 2198 3156 nostra
2227 3110 2349 3155 non

266 3176 471 3252 utitur,
505 3179 624 3238 nisi
655 3179 902 3254 quando
928 3178 1185 3239 ornandi
1214 3194 1405 3239 causa
1425 3194 1630 3254 parce,
1662 3180 1832 3254 quod
1852 3179 2204 3250 ostendam3
2237 3179 2349 3239 sed

133 3298 148 3305 -
263 3258 511 3323 usitatis
540 3260 625 3323 ita
654 3261 879 3338 poterit
904 3260 1020 3335 uti,
1068 3260 1418 3323 lectissimis
1449 3271 1515 3324 ut
1543 3269 1758 3336 utatur,
1773 3263 1856 3334 is,
1904 3261 2009 3337 qui
2038 3261 2099 3321 in
2129 3261 2349 3324 veteri-

262 3346 389 3405 bus
412 3344 526 3407 erit
552 3345 801 3422 scriptis
824 3344 1104 3408 studiose
1127 3354 1188 3408 et
1206 3347 1458 3407 multum
1481 3348 1808 3408 volutatus.
1851 3345 1954 3407 xl.
1988 3344 2089 3406 40.
2124 3347 2349 3422 Atque,

262 3436 337 3490 ut
363 3427 576 3491 Latine
618 3431 974 3504 loquamur,
1021 3447 1142 3491 non
1180 3431 1381 3491 solum
1427 3428 1758 3491 videndum
1791 3438 1916 3503 est,
1962 3438 2029 3491 ut
2060 3438 2123 3492 et
2161 3429 2350 3493 verba

262 3512 606 3578 efferamus
636 3531 740 3584 ea,
794 3531 953 3586 quae
986 3531 1166 3575 nemo
1196 3512 1330 3575 iure
1357 3514 1796 3587 reprehendat,
1845 3522 1906 3575 et
1934 3530 2010 3574 ea
2038 3516 2130 3576 sic
2159 3523 2222 3577 et
2249 3531 2351 3576 ca-
