2622 3908
311 227 392 292 16
1095 227 1196 287 DE
1240 225 1603 287 ORA-TORE

304 378 722 441 didicerimus.
780 378 880 441 73.
924 380 1004 440 Ut
1034 376 1139 455 qui
1167 377 1294 454 pila
1323 379 1567 454 ludunt,
1599 394 1722 439 non
1755 387 2003 440 utuntur
2033 379 2092 438 in
2125 378 2267 456 ipsa
2294 380 2384 442 iu-

303 463 479 525 sione
522 460 781 524 artificio
825 461 1081 540 proprio
1127 464 1506 540 palaestrae,
1550 462 1665 523 sed
1706 461 1936 523 indicat
1977 462 2115 538 ipse
2159 474 2386 525 motus.

302 547 705 609 didicerintne
743 548 1115 624 palaestram
1157 564 1235 607 an
1275 545 1584 621 nesciant,
1626 555 1689 607 et
1727 546 1832 622 qui
1862 544 2096 621 aliquid
2124 546 2379 621 fingunt,

300 629 418 693 etsi
445 640 571 692 tum
601 630 838 708 pictura
866 630 1015 692 nihil
1044 639 1323 703 utuntur,
1369 640 1603 706 tamen,
1647 638 1848 691 utrum
1890 629 2088 691 sciant
2125 629 2382 707 pingere

299 732 378 776 an
409 714 706 790 nesciant,
735 731 860 776 non
893 717 1223 777 obscurum
1255 723 1367 789 est,
1400 713 1490 774 sic
1520 713 1581 775 in
1614 714 1991 776 orationibus
2021 712 2193 775 hisce
2223 714 2380 791 ipsis

298 797 700 876 iudiciorum,
743 799 1129 874 contionum,
1176 807 1460 873 senatus,
1502 797 1685 858 etiam
1729 798 1783 859 si
1818 797 2069 875 proprie
2100 808 2380 860 caeterae

300 900 422 943 non
453 884 859 946 adhibeantur
885 893 1070 958 arteS,
1100 893 1301 944 tamen
1335 880 1515 942 facile
1545 883 1908 957 declaratur,
1939 891 2139 944 utrum
2167 881 2241 957 is,
2273 882 2377 959 qui

300 966 498 1041 dicat,
549 969 967 1030 tantummodo
1012 966 1072 1026 in
1116 968 1235 1026 hoc
1278 965 1713 1028 declamatorio
1761 966 1841 1028 sit
1885 983 2076 1042 opere
2118 966 2380 1028 iactatus

299 1068 379 1112 an
423 1051 505 1111 ad
558 1052 888 1113 dicendum
938 1050 1222 1112 omnibus
1272 1050 1555 1125 ingenuis
1608 1051 1841 1113 artibus
1891 1051 2227 1113 instructus
2278 1067 2378 1110 ac·

301 1134 581 1197 cesserit.

466 1220 654 1282 XVII.
719 1217 819 1283 74.
864 1220 1016 1281 Tum
1057 1218 1266 1281 ridens
1310 1220 1639 1281 Scaevolae
1684 1219 1818 1281 Non
1851 1221 2126 1282 luctabor
2154 1229 2375 1294 tecum,

297 1300 522 1380 inquit,
568 1304 818 1378 Crasse,
854 1302 1138 1381 amplius.
1208 1304 1278 1365 Id
1321 1304 1484 1365 enim
1528 1303 1767 1380 ipsum,
1814 1306 1984 1381 quod
2026 1314 2240 1365 contra
2281 1319 2378 1364 me

297 1387 541 1448 locutus
571 1405 671 1462 eS,
705 1386 963 1449 artificio
997 1389 1268 1463 quodam
1295 1404 1367 1448 es
1399 1399 1801 1462 consecutus,
1830 1397 1897 1449 ut
1925 1397 1987 1448 et
2010 1387 2187 1461 mihi,
2218 1403 2379 1463 quae

297 1487 414 1545 ego
458 1472 711 1545 vellem,
756 1487 879 1531 non
926 1487 1072 1532 esse
1103 1469 1365 1532 oratoris
1396 1471 1775 1533 concederes
1805 1479 1867 1532 et
1894 1488 1971 1531 ea
1993 1470 2136 1545 ipsa
2164 1469 2376 1531 nescio

299 1555 613 1630 quomodo
642 1571 860 1616 rursus
890 1555 1294 1631 detorqueres
1329 1562 1512 1628 atque
1542 1553 1771 1616 oratori
1800 1554 2053 1631 propria
2081 1555 2376 1614 traderes.

299 1635 399 1701 75.
444 1637 644 1713 Quae,
692 1655 880 1714 quum
917 1655 1035 1714 ego
1078 1647 1332 1715 praetor
1358 1639 1643 1700 Rhodum
1671 1639 1982 1700 venissem
2013 1645 2239 1698 etcum
2274 1637 2377 1698 illo

297 1739 535 1783 summo
582 1721 838 1784 doctore
880 1721 1059 1784 istius
1106 1721 1473 1799 disciplinae
1498 1721 1831 1799 Apollonio
1864 1740 1967 1797 ea,
2013 1738 2172 1797 quae
2203 1740 2240 1782 a
2266 1721 2377 1783 Pa-

296 1805 500 1885 naetio
531 1822 929 1883 acceperam,
972 1804 1401 1882 contulissem,
1446 1805 1633 1868 irrisit
1664 1806 1766 1869 ille
1798 1806 2077 1883 quidem,
2121 1816 2189 1868 ut
2217 1808 2376 1868 sole·

297 1891 430 1967 bat,
472 1889 934 1968 philosophiam
976 1901 1162 1970 atque
1199 1890 1569 1969 contempsit
1598 1895 1910 1970 multaque
1938 1909 2063 1952 non
2089 1900 2212 1953 tam
2241 1907 2378 1967 gra-

298 1974 454 2037 viter
485 1974 640 2037 dixit
670 1994 854 2051 quam
884 1978 1101 2040 facete.
1157 1977 1287 2038 Tua
1316 1987 1521 2039 autem
1545 1976 1658 2040 fuit
1680 1976 1874 2039 oratio
1899 1976 2224 2051 eiusmodi,
2254 1993 2376 2037 non

299 2069 362 2121 ut
389 2061 574 2121 ullam
602 2072 795 2123 artem
824 2061 1246 2123 doctrinamve
1277 2071 1734 2135 contemneres,
1780 2063 1894 2123 sed
1929 2071 1997 2122 ut
2025 2077 2241 2121 omnes
2273 2077 2374 2120 co-

295 2142 473 2206 mites
516 2161 592 2205 ac
634 2144 1096 2207 ministratrices
1134 2144 1394 2205 oratoris
1427 2162 1571 2206 esse
1600 2144 1862 2205 diceres.
1922 2141 2020 2207 76.
2062 2145 2227 2218 Quas
2258 2160 2377 2218 ego

298 2227 351 2288 si
397 2226 536 2302 quis
581 2226 659 2287 sit
686 2245 849 2288 unus
879 2229 1243 2303 complexus
1281 2244 1496 2289 omnes
1534 2226 1824 2303 idemque
1855 2225 1909 2287 si
1937 2229 2019 2288 ad
2048 2244 2156 2288 eas
2188 2228 2377 2288 sacul-

294 2319 478 2371 tatem
521 2309 702 2371 istam
744 2309 1172 2372 ornatissimae
1216 2309 1510 2372 orationis
1539 2310 1918 2386 adiunxerit,
1962 2328 2086 2372 non
2115 2328 2378 2387 possum

295 2395 500 2455 dicere
543 2411 686 2455 eum
726 2411 852 2456 non
895 2394 1210 2470 egregium
1257 2395 1585 2471 quemdam
1629 2394 1936 2457 hominem
1970 2404 2156 2473 atque
2188 2394 2377 2470 admi-

292 2478 552 2539 randum
583 2480 746 2551 fore3
789 2478 904 2539 sed
932 2477 1017 2552 is,
1063 2477 1118 2539 si
1158 2478 1296 2555 quis
1342 2489 1510 2541 esset
1538 2490 1642 2542 aut
1670 2480 1722 2542 si
1753 2478 1935 2542 etiam
1963 2497 2254 2556 umquam
2285 2481 2375 2541 fu-

291 2561 447 2624 isset
475 2571 580 2623 aut
609 2579 756 2623 vero
789 2564 844 2623 si
872 2563 1018 2623 esse
1046 2572 1294 2640 posset,
1338 2572 1404 2625 tu
1433 2581 1613 2626 esses
1643 2583 1805 2627 unus
1835 2567 2146 2642 profecto,
2181 2564 2285 2640 qui
2318 2575 2379 2625 et

292 2663 430 2707 meo
462 2644 690 2707 iudicio
716 2657 779 2708 et
801 2645 1071 2709 omnium
1098 2647 1207 2709 vix
1228 2650 1415 2709 ullam
1438 2649 1701 2711 caeteris
1713 2648 2077 2712 -oratoribus
2107 2685 2187 2694 -—
2218 2664 2375 2723 pace

291 2731 509 2792 horum
539 2730 799 2793 dixerim
841 2767 926 2778 —-
970 2733 1214 2794 laudem
1242 2731 1566 2808 reliquisti.
1626 2731 1725 2798 77.
1768 2736 2001 2794 Verum
2032 2731 2083 2793 si
2115 2730 2223 2793 tibi
2252 2729 2377 2807 ipsi

291 2814 439 2876 nihil
477 2816 683 2890 deest,
729 2816 898 2892 quod
940 2815 1003 2877 in
1035 2816 1387 2879 forensibus
1415 2818 1603 2878 rebus
1635 2816 2045 2892 civilibusque
2072 2824 2372 2888 versetur,

294 2900 438 2976 quin
471 2898 665 2975 sciaS,
695 2918 900 2977 neque
931 2918 1066 2962 eam
1096 2909 1297 2962 tamen
1332 2899 1681 2976 scientiam,
1713 2917 1896 2979 quam
1927 2897 2211 2975 adiungis
2237 2916 2364 2961 ora·

289 2982 437 3056 tori,
481 2984 843 3061 complexus
873 3001 973 3057 eS,
1018 2986 1339 3046 videamus
1388 3001 1463 3045 ne
1507 2987 1650 3060 plus
1689 2983 1747 3044 ei
1773 2984 2139 3057 tribuamuS,
2189 3000 2371 3058 quam

290 3086 393 3130 res
423 3076 484 3128 et
510 3068 736 3130 veritas
764 3068 905 3144 ipsa
928 3070 1248 3130 concedat.

462 3150 560 3215 78.
619 3152 734 3214 Hic
779 3153 1070 3227 CrassuS‚
1119 3153 1459 3229 Memento,
1514 3150 1746 3227 inquit,
1784 3169 1881 3212 me
1925 3169 2047 3213 non
2093 3152 2172 3212 de
2214 3168 2368 3223 mea,

292 3238 404 3297 sed
449 3237 527 3297 de
571 3235 832 3300 oratoris
864 3237 1151 3298 facultate
1180 3235 1437 3299 dixisse.
1500 3235 1659 3311 Quid
1688 3235 1848 3296 enim
1877 3253 1994 3297 nos
2024 3246 2129 3298 aut
2156 3234 2370 3296 didici·

289 3338 426 3381 mus
469 3331 573 3383 aut
615 3322 773 3383 scire
814 3319 1171 3399 potuimus?
1225 3320 1331 3398 qui
1378 3329 1518 3383 ante
1561 3321 1645 3380 ad
1684 3321 2023 3397 agendum,
2067 3337 2251 3397 quam
2293 3320 2369 3379 ad

292 3406 792 3478 cognoscendum
834 3404 1147 3477 venimus3
1197 3423 1358 3480 quos
1393 3405 1455 3466 in
1500 3406 1668 3478 ἴοι-ο,
1714 3422 1874 3481 quos
1915 3404 1975 3464 in
2020 3402 2399 3473 ambitione‚.

293 3504 450 3562 quos
482 3487 543 3548 in
572 3506 640 3551 re
671 3490 949 3565 publica,
982 3508 1142 3568 quos
1172 3493 1232 3551 ln
1263 3488 1598 3552 amicorum
1632 3487 1897 3565 negotiis
1945 3506 2046 3550 res
2066 3487 2208 3565 ipsa
2229 3496 2369 3548 ante
