2622 3908
275 238 314 298 2
1054 235 1154 294 DE
1202 233 1565 294 ORATORE

275 391 604 450 conseram.
672 385 730 447 4.
771 383 903 446 Tibi
932 403 1101 460 vero,
1146 387 1347 459 frater,
1389 402 1593 460 neque
1630 384 1890 446 hortanti
1921 386 2108 446 deero
2144 403 2347 461 neque

276 469 529 546 roganti.
588 472 737 530 Nam
767 486 970 543 neque
1000 468 1361 531 auctoritate
1393 468 1717 544 quisquam
1749 469 1917 544 apud
1947 487 2043 528 me
2074 471 2213 544 plus
2241 486 2343 529 va-

274 557 400 616 lere
439 565 497 615 te
541 563 746 629 potest
787 569 992 627 neque
1038 555 1368 614 voluntate.
1456 553 1528 611 11.
1578 556 1671 613 Ac
1713 552 1859 612 mihi
1888 554 2224 628 repetenda
2254 562 2348 614 est

276 637 500 698 veteris
544 636 865 698 cuiusdam
906 635 1234 697 memoriae
1279 654 1402 697 non
1448 651 1597 695 sane
1628 636 1777 698 satis
1808 636 2114 733 explicata
2143 652 2344 696 recor-

277 720 469 792 datio,
502 723 648 795 sed,
677 730 743 782 ut
770 718 1046 791 arbitror,
1079 729 1225 795 apta
1255 721 1335 779 ad
1364 718 1457 791 id,
1490 721 1655 794 quod
1685 720 1983 813 requiris
2025 729 2089 781 ut
2118 736 2344 794 cogno-

276 822 417 866 scas
444 822 603 879 quae
625 803 740 865 viri
766 802 1034 864 omnium
1058 802 1544 898 eloquentissimi
1569 772 2018 879 clarissimique
2042 802 2349 863 senserint

277 891 353 949 de
383 888 545 949 omni
575 887 812 949 ratione
843 886 1106 947 dicendi.
1166 885 1224 945 5.
1254 886 1369 947 Vis
1402 885 1581 962 enim,
1623 903 1688 947 ut
1722 886 1865 946 mihi
1896 903 2086 961 saepe
2119 885 2344 960 dixisti

278 971 564 1048 quoniam
607 989 767 1048 quae
810 970 1018 1045 pueris
1062 979 1168 1031 aut
1206 970 1685 1030 adolescentulis
1722 969 1901 1030 nobis
1932 987 2007 1030 ex
2041 986 2341 1029 commen-

274 1053 503 1114 tariolis
537 1053 764 1113 nostris
793 1053 1080 1112 inchoata
1109 1067 1181 1111 ac
1203 1049 1381 1110 rudia
1404 1048 1781 1119 exciderunt,
1806 1048 1911 1108 vix
1934 1051 2210 1111 videntur
2232 1052 2350 1113 hae

271 1145 474 1198 aetate
505 1135 689 1211 digna
726 1144 786 1196 et
820 1137 939 1199 hoc
973 1152 1109 1206 usu,
1145 1151 1327 1209 quem
1368 1149 1445 1191 ex
1481 1131 1704 1201 causiS,
1749 1148 1904 1206 quas
1941 1131 2224 1206 diximus,
2259 1144 2350 1195 tot

274 1219 586 1294 tantisque
611 1218 934 1280 consecuti
956 1235 1189 1290 sumuS,
1224 1216 1455 1290 aliquid
1478 1214 1695 1275 iisdem
1719 1216 1797 1276 de
1821 1217 2007 1275 rebus
2033 1216 2281 1292 politius
2314 1236 2351 1279 a

273 1304 452 1363 nobis
474 1303 938 1377 perfectiusque
964 1300 1241 1375 proferri,
1259 1303 1554 1371 solesque
1571 1315 2028 1374 nonnumquam
2055 1300 2167 1360 hac
2181 1303 2259 1361 de
2283 1321 2350 1363 re

276 1403 313 1444 a
354 1402 450 1445 me
491 1385 553 1445 in
596 1382 1114 1460 disputationibus
1145 1383 1374 1444 nostris
1406 1383 1750 1457 dissentire,
1797 1385 1964 1460 quod
1998 1402 2114 1461 ego
2146 1384 2343 1446 erudi—

275 1467 647 1529 tissimorum
677 1467 989 1528 hominum
1018 1468 1247 1528 artibus
1279 1467 1691 1542 eloquentiam
1735 1468 2032 1531 contineri
2068 1477 2347 1542 statuam,

276 1560 340 1612 tu
381 1561 579 1611 autem
622 1550 786 1610 illam
821 1552 898 1611 ab
930 1550 1231 1626 elegantia
1260 1549 1575 1612 doctrinae
1607 1554 2048 1627 segregandam
2080 1562 2257 1629 putes
2289 1558 2349 1611 et

278 1634 335 1694 in
371 1636 639 1710 quodam
667 1634 893 1709 ingenii
924 1644 1108 1709 atque
1140 1632 1594 1695 exercitationis
1624 1645 1848 1710 genere
1880 1638 2247 1711 ponendam.

442 1719 500 1779 6.
543 1719 637 1778 Ac
677 1718 821 1778 mihi
868 1717 1112 1792 quidem
1159 1734 1605 1793 saepenumero
1647 1717 1709 1778 in
1758 1737 2029 1781 summos
2070 1719 2384 1780 homines·

275 1820 347 1862 ac
391 1801 642 1863 summis
686 1801 947 1877 ingeniis
992 1799 1301 1876 praeditos
1343 1800 1598 1862 intuenti
1642 1805 2057 1877 quaerendum
2087 1819 2229 1863 esse
2258 1802 2343 1862 vi-

277 1903 412 1946 sum
442 1895 536 1946 est
566 1884 713 1961 quid
743 1894 937 1956 esset,
973 1902 1081 1946 cur
1114 1887 1321 1960 plures
1353 1884 1412 1944 in
1451 1883 1733 1947 omnibus
1766 1886 2028 1961 artibuS,
2074 1904 2255 1964 quam
2284 1885 2345 1947 in

277 1970 538 2031 dicendo
571 1969 956 2031 admirabiles
988 1969 1388 2031 exstitissent.
1457 1972 1604 2031 Nam
1636 1987 2027 2047 quocumque
2057 1982 2115 2033 te
2146 1971 2345 2032 animo

275 2064 335 2114 et
378 2054 747 2129 cogitatione
778 2054 1175 2126 converteriS‚
1220 2056 1555 2128 permultos
1600 2057 1974 2116 excellentes
2005 2055 2062 2114 in
2096 2072 2347 2131 quoque

274 2156 499 2217 genere
539 2137 779 2198 videbis
826 2154 947 2198 non
979 2137 1381 2197 mediocrium
1407 2138 1641 2211 artium,
1689 2139 1801 2199 sed
1833 2155 2027 2213 prope
2057 2138 2343 2199 maxima-

274 2239 424 2282 rum.
485 2220 542 2283 7.
590 2221 735 2294 Quis
768 2219 928 2280 enim
959 2229 1085 2292 est,
1120 2218 1253 2295 qui,
1286 2219 1339 2280 si
1368 2222 1669 2281 clarorum
1691 2221 2004 2282 hominum
2029 2221 2347 2283 scientiam

274 2322 474 2365 rerum
507 2313 814 2379 gestarum
846 2305 944 2363 vel
977 2302 1229 2364 utilitate
1252 2306 1351 2363 vel
1376 2304 1789 2380 magnitudine
1811 2305 2005 2367 metiri
2029 2306 2192 2381 velit,
2223 2324 2344 2367 non

275 2396 603 2463 anteponat
644 2388 870 2448 oratori
913 2386 1387 2462 imperatorem?
1465 2389 1609 2461 Quis
1663 2397 1863 2450 autem
1914 2390 2147 2451 dubitet
2200 2392 2344 2466 quin

214 2487 222 2495 ·
277 2471 415 2532 belli
447 2474 636 2532 duces
669 2469 1231 2545 praestantissimos
1264 2487 1343 2531 ex
1379 2472 1493 2531 hac
1525 2489 1646 2534 una
1675 2471 1917 2534 civitate
1947 2491 2144 2550 paene
2173 2474 2341 2534 innu-

277 2554 709 2627 merabileS‚'in
744 2554 1008 2616 dicendo
1040 2564 1243 2616 autem
1279 2558 1652 2617 excellentes
1686 2556 1789 2616 vix
1814 2574 2048 2632 paucos
2073 2559 2347 2632 proferre

275 2639 631 2714 possimus?
698 2637 755 2699 8.
804 2640 926 2698 Iam
970 2655 1116 2699 vero
1161 2637 1422 2699 consilio
1459 2656 1531 2699 ac
1564 2639 1866 2715 sapientia
1896 2642 1999 2717 qui
2031 2658 2243 2715 regere
2274 2658 2345 2701 ac

273 2724 613 2798 gubernare
657 2740 783 2783 rem
826 2720 1131 2797 publicam
1172 2731 1459 2798 possent,
1506 2723 1674 2784 multi
1717 2732 1958 2798 nostra,
2001 2727 2208 2801 plures
2242 2743 2340 2800 pa-

279 2818 430 2867 trum
464 2806 754 2868 memoria
783 2816 969 2881 atque
1000 2805 1181 2866 etiam
1211 2805 1509 2866 maiorum
1541 2806 1933 2881 exstiterunt,
1982 2827 2167 2884 quum
2201 2807 2341 2868 boni

275 2889 493 2967 perdiu
526 2889 702 2963 nulli,
747 2888 849 2949 vix
891 2898 1092 2950 autem
1126 2888 1381 2963 singulis
1413 2890 1713 2951 aetatibus
1744 2888 1968 2967 singuli
1999 2891 2343 2953 tolerabiles

275 2982 548 3035 oratores
593 2971 1027 3034 invenirentur.
1112 2974 1205 3032 Ac
1248 2990 1325 3033 ne
1371 2972 1509 3047 quis
1556 2975 1708 3035 forte
1752 2992 1890 3035 cnm
1933 2975 2068 3035 aliis
2106 2975 2342 3046 studiiS,

275 3074 434 3133 quae
463 3054 796 3117 reconditis
831 3054 889 3115 in
923 3055 1155 3117 artibus
1186 3065 1372 3130 atque
1403 3054 1461 3115 in
1497 3059 1764 3132 quadam
1794 3058 2085 3119 varietate
2123 3058 2341 3119 littera-

275 3160 405 3203 rum
437 3147 785 3213 versentur,
815 3138 1011 3214 magis
1043 3140 1199 3199 hanc
1232 3139 1475 3200 dicendi
1504 3139 1832 3215 rationem,
1864 3159 2044 3217 quam
2077 3157 2213 3201 cum
2237 3141 2342 3202 im-

276 3223 575 3303 peratoris
606 3224 786 3284 laude
816 3232 920 3283 aut
951 3239 1086 3283 cum
1117 3224 1261 3283 boni
1292 3224 1595 3284 senatoris
1636 3224 1956 3299 prudentia
1987 3241 2336 3299 comparan-

274 3310 412 3368 dam
446 3317 639 3382 putet=
690 3306 793 3383 qui
838 3316 1155 3368 convertat
1196 3305 1460 3367 animum
1496 3308 1575 3366 ad
1606 3324 1679 3367 ea
1709 3307 1845 3383 ipsa
1873 3306 2088 3368 artium
2119 3325 2342 3382 genera

276 3390 876 3466 circumspiciatque‚
924 3389 1027 3466 qui
1059 3388 1118 3449 in
1150 3389 1225 3450 iis
1255 3389 1624 3463 floruerunt,
1671 3407 1852 3466 quam
1882 3392 2048 3451 multi
2073 3390 2223 3463 sint,
2260 3395 2335 3452 fa-

278 3474 492 3534 cillime
537 3484 761 3548 quanta
804 3483 1109 3535 oratorum
1156 3471 1233 3533 sit
1273 3490 1640 3549 semperque
1675 3474 1851 3534 fuerit
1885 3474 2160 3547 pancitas
2192 3474 2334 3535 iudi-
