2622 3908
774 240 919 300 LIB.
958 240 1028 298 11.
1079 239 1246 298 CAP.
1278 224 1449 300 3-'-5.
1512 241 1569 310 §-
1604 246 1824 299 10—10
2272 233 2351 294 63

282 426 436 470 vere
465 408 662 469 dicam
682 454 695 477 ,
742 405 999 482 quaevis
1035 421 1227 465 causa
1259 406 1503 464 mallem
1529 404 1764 476 fuisset,
1803 418 1984 478 quam
2008 403 2143 474 ista,
2174 417 2355 476 quam

280 491 456 554 dicis.
476 493 612 564 Ego
637 490 819 567 enim,
832 490 1455 564 utquemadmodum
1478 487 1755 557 sentiam,
1772 490 2010 562 loquar,
2026 501 2356 560 numquam

283 569 429 630 mihi
465 568 665 629 minus
698 585 881 644 quam
914 568 1201 629 hesterno
1232 567 1333 628 die
1361 568 1596 643 placui,
1638 567 1832 642 magis
1877 570 2035 629 adeo
2071 567 2136 628 id
2166 568 2354 629 sacili.-

284 663 401 713 tate
448 668 628 728 quam
678 651 798 712 alia
838 653 963 729 ulla
991 653 1173 727 culpa
1199 668 1336 711 mea
1366 650 1644 727 contigit,
1690 650 1826 727 qui,
1871 654 2013 712 dum
2043 653 2355 727 obsequor

284 735 813 810 adolescentibuS‚
845 753 944 796 me
974 751 1185 817 senem
1215 751 1357 796 esse
1387 735 1611 796 oblitus
1642 752 1777 795 sum
1808 737 2049 810 fecique
2072 735 2153 809 id,
2187 737 2355 811 quod

281 837 360 880 ne
389 821 758 879 adolescens
792 819 1040 894 quidem
1074 819 1368 893 feceram,
1399 827 1466 879 ut
1492 817 1568 880 iis
1595 820 1673 878 de
1695 819 1912 892 rebuS,
1946 836 2106 893 quae
2130 818 2350 881 doctri-

282 920 361 965 na
386 902 595 978 aliqua
624 901 1108 975 continerentur,
1142 903 1538 978 disputarem.
1599 902 1724 963 Sed
1753 902 1874 961 hoc
1901 910 2102 962 tamen
2136 901 2355 962 cecidit

280 986 425 1048 mihi
469 994 964 1062 peropportune,
1021 986 1187 1061 quod
1230 986 1555 1047 transactis
1598 984 1719 1046 iam
1761 985 1914 1046 meis
1953 983 2231 1060 partibus
2273 985 2354 1045 ad

278 1070 613 1132 Antonium
653 1069 1026 1130 audiendum
1066 1068 1344 1131 venistis.
1412 1069 1509 1131 16.
1553 1071 1704 1129 Tum
1734 1069 1993 1129 Caesar:
2033 1068 2351 1143 Equidem,

279 1153 504 1228 inquit,
538 1153 789 1226 Crasse,
830 1153 913 1214 ita
950 1169 1085 1214 sum
1116 1152 1380 1227 cupidus
1410 1153 1472 1212 in
1502 1153 1605 1212 illa
1633 1152 1908 1226 longiore
1939 1161 1999 1213 te
2027 1168 2100 1211 ac
2132 1168 2351 1227 perpe-

281 1245 382 1298 tua
425 1237 835 1312 disputatione
881 1235 1201 1309 audiendi,
1247 1245 1341 1310 ut,
1390 1235 1443 1295 si
1485 1236 1548 1296 id
1589 1235 1734 1295 mihi
1778 1235 1979 1296 minus
2025 1235 2354 1311 contingat,
2423 1246 2429 1251 ·

278 1322 373 1381 vel
422 1312 540 1381 Floc
586 1321 700 1380 sim
744 1319 1052 1380 cotidiano
1097 1327 1201 1380 tuo
1246 1335 1531 1380 sermone
1572 1326 1914 1391 contentus.
1990 1321 2204 1394 ltaque
2246 1336 2347 1379 ex-

278 1403 482 1480 periar
522 1403 809 1478 equidem
851 1402 1030 1478 illud,
1086 1412 1154 1463 ut
1194 1420 1272 1464 ne
1318 1402 1630 1478 Sulpicius
1675 1401 1987 1464 familiaris
2031 1420 2205 1464 meus
2250 1410 2346 1463 aut

279 1489 450 1547 Cotta
480 1489 620 1562 plus
653 1503 836 1562 quam
866 1503 982 1562 ego
1013 1487 1180 1562 apud
1208 1496 1269 1548 te
1291 1489 1499 1548 valere
1522 1486 1872 1562 videantur,
1904 1495 1964 1548 et
1994 1497 2051 1549 te
2077 1488 2350 1548 exorabo

281 1571 588 1647 profecto,
635 1578 702 1632 ut
741 1569 883 1630 mihi
933 1586 1181 1647 quoque
1223 1580 1284 1633 et
1324 1572 1535 1632 Catulo
1582 1579 1722 1631 tuae
1768 1569 2085 1632 suavitatis
2119 1570 2351 1646 aliquid

279 1654 608 1729 impertias.
675 1654 780 1714 Sin
825 1653 935 1714 tibi
974 1653 1039 1715 id
1080 1655 1280 1716 minus
1324 1653 1563 1728 libebit,
1605 1671 1730 1714 non
1773 1663 1832 1715 te
1873 1656 2107 1730 urgebo
2148 1671 2349 1729 neque

278 1736 675 1809 committam,
718 1746 814 1811 ut,
858 1738 1003 1799 dum
1030 1754 1285 1799 vereare
1313 1746 1379 1799 tu
1408 1755 1486 1798 ne
1524 1737 1612 1799 sis
1642 1739 1917 1814 ineptuS,
1962 1756 2061 1799 me
2088 1754 2232 1819 esse
2262 1738 2348 1798 iu-

277 1820 469 1882 dices.
556 1819 655 1883 17.
699 1823 849 1882 Tum
898 1821 1044 1884 ille:
1079 1822 1210 1896 Ego
1261 1821 1637 1891 mehercule,
1691 1821 1914 1897 inquit,
1968 1822 2221 1894 Caesar,
2272 1836 2347 1879 ex

280 1904 562 1966 omnibus
605 1903 833 1967 Latinis
875 1903 1083 1966 verbis
1126 1905 1306 1965 huius
1350 1903 1522 1965 verbi
1553 1904 1678 1964 vim
1709 1908 1806 1966 vcl
1836 1904 2161 1965 maximam
2192 1920 2347 1965 sem-

279 2006 389 2067 per
417 1990 643 2065 putavi.
705 1990 896 2063 Quem
925 1986 1087 2049 enim
1117 2005 1234 2049 nos
1261 1989 1612 2063 ineptum
1640 2005 1937 2049 vocamus
1955 2034 1971 2063 ,
2003 1988 2057 2048 is
2086 1987 2233 2047 mihi
2264 1986 2348 2047 vi-

279 2074 456 2133 detur
484 2073 561 2132 ab
592 2074 710 2133 hoc
739 2090 962 2133 nomen
993 2073 1219 2133 habere
1249 2073 1527 2145 ductum,
1571 2073 1739 2147 quod
1779 2087 1927 2132 non
1965 2071 2045 2131 sit
2084 2088 2122 2131 a
2134 2081 2349 2147 ptuS,

280 2153 465 2231 idque
506 2155 567 2216 in
610 2156 913 2217 sermonis
950 2155 1147 2218 nostri
1189 2154 1636 2218 consuetudine
1676 2158 1909 2231 perlate
1950 2163 2136 2230 patet.
2198 2155 2347 2214 Nam

284 2238 384 2315 qui
427 2248 532 2300 aut
571 2247 810 2315 tempus
854 2241 1003 2316 quid
1045 2242 1315 2316 postulet
1353 2258 1475 2301 non
1520 2238 1685 2300 videt
1724 2248 1829 2302 aut
1868 2241 2046 2315 plura
2082 2237 2350 2315 loquitur

281 2331 381 2383 aut
411 2340 481 2383 se
512 2332 777 2386 ostentat
804 2333 908 2385 aut
938 2341 1182 2399 eorum,
1227 2324 1592 2401 quibuscum
1623 2332 1745 2399 est,
1781 2326 1880 2384 vel
1911 2323 2219 2400 dignitatis
2251 2325 2346 2382 vel

278 2406 584 2467 commodi
624 2407 919 2468 rationem
962 2425 1085 2468 non
1126 2409 1310 2468 habet
1349 2417 1454 2469 aut
1494 2408 1762 2483 denique
1791 2407 1852 2468 in
1883 2408 2091 2483 aliquo
2122 2423 2348 2482 genere

279 2498 381 2550 aut
409 2491 812 2556 inconcinnus
843 2499 949 2552 aut
974 2493 1200 2553 multus
1230 2500 1354 2565 est,
1396 2490 1451 2553 is
1488 2491 1733 2568 ineptus
1762 2508 1905 2553 esse
1937 2491 2172 2553 dicitur.
2248 2489 2344 2551 18.

280 2575 409 2634 Hoc
457 2573 604 2634 vitio
656 2576 962 2636 cumulata
1011 2583 1108 2634 est
1151 2573 1563 2634 eruditissima
1602 2574 1705 2634 illa
1747 2575 2117 2635 Graecorum
2160 2574 2346 2635 natio.

278 2658 489 2733 ltaque
535 2659 703 2734 quod
744 2659 867 2719 vim
908 2656 1090 2718 huius
1134 2656 1274 2717 mali
1321 2656 1537 2717 Graeci
1580 2675 1704 2718 non
1732 2657 1971 2731 vident,
2018 2676 2095 2719 ne
2124 2674 2348 2719 nomen

278 2740 526 2816 quidem
555 2742 611 2801 ei
640 2741 788 2804 vitio
820 2742 1259 2818 imposuerunt.
1317 2741 1398 2801 Ut
1426 2741 1588 2801 enim
1617 2756 1881 2816 quaeras
1914 2743 2144 2814 omnia,
2195 2757 2346 2816 quo-

276 2826 461 2885 modo
504 2824 721 2886 Graeci
762 2824 1109 2902 ineptum
1150 2826 1492 2901 appellent,
1535 2841 1659 2884 non
1703 2822 1997 2899 reperies.
2065 2822 2345 2884 Omnium

274 2917 476 2968 autem
522 2907 916 2985 ineptiarum,
960 2926 1117 2985 quae
1163 2916 1304 2970 sunt
1342 2906 1843 2979 innumerabileS‚
1868 2910 2031 2971 haud
2058 2909 2344 2988 sciaman

273 2992 441 3051 nulla
482 2991 562 3052 sit
600 2991 824 3066 maior,
878 3011 1093 3068 quam,
1143 3001 1210 3053 ut
1247 2991 1333 3053 illi
1375 2994 1603 3066 solent,
1658 3008 2048 3068 quocumque
2087 2992 2148 3052 in
2186 2996 2345 3066 loc0,

275 3091 704 3152 quoscumque
731 3075 887 3138 inter
914 3075 1195 3137 homines
1226 3077 1424 3139 visum
1463 3086 1584 3150 est,
1630 3077 1708 3137 de
1753 3078 1939 3137 rebus
1974 3085 2078 3136 aut
2106 3075 2345 3135 difficil-

273 3157 432 3219 limis
475 3171 580 3221 aut
621 3178 743 3222 non
789 3159 1159 3221 necessariis
1204 3160 1593 3235 argutissime
1639 3160 1973 3236 disputare.
2050 3160 2184 3218 Hoc
2227 3173 2340 3218 nos

277 3243 354 3303 ab
384 3241 520 3304 istis
550 3243 1051 3305 adolescentibus
1084 3245 1285 3304 facere
1315 3243 1487 3303 inviti
1519 3253 1579 3305 et
1606 3252 1965 3304 recusantes
1994 3240 2124 3301 heri
2145 3239 2344 3302 coacti

273 3342 506 3387 sumus.
585 3330 661 3387 V.
726 3327 820 3391 19.
871 3330 1021 3388 Tum
1074 3328 1352 3389 Catulus:
1402 3328 1491 3387 Ne
1535 3325 1749 3387 Graeci
1803 3324 2080 3399 quidem,
2130 3323 2341 3400 inquit,

271 3408 526 3483 Crasse,
573 3410 678 3487 qui
717 3411 775 3471 in
809 3411 1154 3474 civitatibus
1186 3409 1317 3472 suis
1347 3412 1492 3470 clari
1524 3420 1585 3471 et
1613 3407 1816 3483 magni
1847 3409 2118 3483 fuerunt,
2164 3407 2341 3470 sicuti

274 3500 337 3553 tu
378 3510 446 3554 es
484 3502 729 3568 nosque
758 3513 969 3557 omnes
1000 3495 1063 3555 in
1093 3504 1297 3556 nostra
1329 3511 1398 3554 re
1427 3493 1675 3570 publica
1704 3495 1985 3554 volumus
2017 3510 2190 3565 esse,
2235 3493 2338 3553 ho-
