2622 3908
729 287 942 345 L1B.1.
989 287 1420 349 CAP.16-18.
1465 294 1519 354 §-
1541 296 1783 351 72—84.
2218 284 2287 349 17

218 439 513 513 confecit,
550 454 733 513 quam
765 454 1097 513 possemus
1131 437 1366 513 aliquid
1401 439 1479 498 de
1526 440 1713 499 rebus
1749 438 1933 500 tantis
1970 436 2295 515 suspicari.

218 519 318 585 79.
355 522 589 596 Quodsi
624 520 731 581 tibi
764 531 997 582 tantum
1037 521 1099 582 in
1130 520 1310 581 nobis
1348 521 1591 582 videtur
1623 539 1799 596 esse,
1838 522 2062 598 quibus
2087 521 2292 583 etiam·

217 606 272 666 si
305 605 636 681 ingenium,
669 614 735 665 ut
769 614 834 667 tu
866 614 1067 680 putas,
1104 622 1224 665 non
1257 603 1520 665 maxime
1556 605 1776 675 defuit,
1816 606 2096 666 doctrina
2130 614 2294 665 certe

218 699 280 750 et
317 689 506 751 otium
539 697 600 748 et
631 689 880 749 hercule
915 688 1097 749 etiam
1131 689 1400 748 studium
1433 689 1583 748 illud
1618 688 1899 750 discendi
1931 689 2291 749 acerrimum

217 773 441 834 deruit=
481 771 628 847 quid
660 770 914 847 censes,
950 773 1004 833 si
1039 774 1119 832 ad
1154 772 1409 832 alicuius
1444 772 1758 846 ingenium
1793 774 1890 832 vel
1936 773 2133 833 maius
2170 772 2288 843 illa,

218 873 382 932 quae
417 872 533 930 ego
570 873 696 915 non
731 855 928 929 attigi,
967 857 1378 930 accesserint,
1417 857 1661 931 qualem
1707 856 1875 917 illum
1907 865 1968 916 et
2003 866 2293 931 quantum

215 951 525 1001 oratorem
556 941 864 999 futurum?

382 1024 598 1084 XVIII.
639 1023 741 1085 80.
799 1025 946 1083 Tum
989 1023 1326 1096 AntoniuS‚
1367 1023 1598 1084 Probas
1644 1022 1818 1094 mihi,
1874 1021 2100 1099 inquit,
2155 1022 2293 1099 ista,

214 1108 470 1179 Crasse,
509 1124 670 1182 quae
701 1106 876 1180 dicis,
910 1123 1024 1167 nec
1054 1108 1263 1168 dubito
1297 1106 1444 1182 quin
1476 1110 1662 1168 multo
1705 1104 2070 1182 locupletior
2109 1106 2169 1166 in
2203 1106 2298 1167 di-

182 1192 415 1251 cendo
448 1192 685 1250 futurus
718 1190 825 1264 sit,
857 1189 911 1251 si
942 1189 1080 1265 quis
1108 1190 1378 1250 omnium
1405 1208 1608 1251 rerum
1637 1199 1823 1265 atque
1851 1189 2069 1250 artium
2108 1191 2288 1250 ratio—

213 1292 358 1335 nem
391 1283 792 1349 naturamque
821 1272 1372 1349 comprehenderit.
1443 1273 1547 1336 81.
1592 1274 1718 1334 Sed
1747 1273 2008 1348 primum
2036 1273 2100 1333 id
2132 1274 2281 1334 diffi-

216 1358 332 1417 cile
361 1368 457 1418 est
487 1359 683 1432 factu,
718 1357 1076 1432 praesertim
1105 1357 1166 1416 in
1196 1358 1313 1416 hac
1344 1367 1557 1419 nostra
1579 1357 1704 1417 vita
1731 1356 2083 1431 nostrisque
2107 1373 2289 1419 occu·

215 1442 598 1516 pationibus;
633 1443 855 1502 deinde
883 1442 1030 1502 illud
1060 1441 1238 1502 etiam
1272 1443 1608 1503 verendum
1637 1451 1735 1502 est
1763 1459 1842 1501 ne
1869 1441 2291 1503 abstrahamur

214 1526 292 1585 ab
322 1525 439 1585 hac
469 1524 906 1586 exercitatione
936 1536 995 1585 et
1025 1525 1471 1586 consuetudine
1502 1524 1749 1586 dicendi
1790 1525 2076 1601 populari
2106 1535 2167 1586 et
2197 1529 2284 1587 fo·

212 1608 399 1669 rensi.
455 1611 640 1668 Aliud
670 1608 831 1668 enim
858 1606 1005 1668 mihi
1036 1610 1349 1683 quoddam
1379 1609 1671 1671 orationis
1702 1627 1899 1685 genus
1941 1626 2086 1669 esse
2119 1608 2288 1670 vide-

214 1701 310 1752 tur
347 1709 558 1753 eorum
587 1691 928 1764 hominum,
960 1692 1037 1751 de
1067 1691 1290 1767 quibus
1321 1695 1527 1768 paullo
1557 1702 1696 1754 ante
1725 1692 1965 1766 dixisti,
2008 1693 2288 1768 quamvis

213 1774 295 1835 illi
327 1786 540 1837 ornate
568 1785 629 1836 et
657 1774 923 1850 graviter
949 1784 1054 1835 aut
1084 1776 1162 1836 de
1191 1785 1405 1837 natura
1432 1793 1635 1838 rerum
1664 1784 1769 1837 aut
1791 1776 1869 1836 de
1890 1775 2171 1836 humanis
2194 1794 2287 1837 re-

212 1860 328 1920 bus
360 1860 707 1935 loquantur.
763 1858 1028 1920 Nitidum
1060 1859 1372 1934 quoddam
1402 1877 1593 1935 genus
1619 1870 1715 1921 est
1737 1860 2061 1920 verborum
2083 1869 2144 1920 et
2164 1862 2280 1919 lae-

215 1952 370 2017 tum,
402 1944 516 2004 sed
547 1944 888 2019 palaestrae
919 1941 1112 2018 magis
1144 1952 1203 2002 et
1232 1943 1350 2003 olei
1411 1960 1594 2018 quam
1622 1944 1804 2004 huius
1847 1942 2043 2003 civilis
2077 1945 2285 2004 turbae

214 2044 286 2087 ac
327 2026 462 2087 fori.
534 2028 635 2090 82.
679 2029 957 2101 Namque
998 2034 1268 2101 egomet,
1316 2025 1421 2101 qui
1467 2042 1608 2086 sero
1648 2043 1720 2086 ao
1762 2025 1979 2086 leviter
2020 2027 2285 2087 Graecas

214 2110 443 2172 litteras
471 2110 839 2187 attigissem,
876 2120 1073 2171 tamen
1108 2126 1293 2185 quum
1322 2126 1436 2185 pro
1468 2112 1722 2171 consule
1751 2108 1812 2168 in
1847 2108 2113 2169 Ciliciam
2143 2127 2282 2184 pro-

213 2193 501 2255 ficiscens
529 2195 839 2255 venissem
870 2193 1170 2268 AthenaS,
1201 2195 1549 2269 complures
1569 2204 1695 2255 tum
1718 2192 1803 2254 ibi
1826 2192 1960 2253 dies
1985 2210 2120 2254 sum
2144 2212 2283 2269 pro—

209 2287 346 2360 pter
373 2277 701 2352 navigandi
731 2279 1147 2339 difficultatem
1176 2287 1615 2339 commoratus:
1666 2278 1809 2351 sed,
1842 2295 2030 2353 quum
2060 2278 2284 2340 cotidie

210 2378 451 2422 mecum
480 2363 768 2422 haberem
810 2361 1090 2422 homines
1132 2361 1561 2436 doctissimoS,
1602 2379 1714 2423 eos
1757 2362 1886 2422 fere
1925 2362 2133 2437 ips08‚
2179 2361 2282 2438 qui

210 2447 322 2506 abs
350 2454 413 2506 te
439 2447 624 2506 modo
657 2457 799 2507 sunt
839 2444 1159 2520 nominati,
1203 2463 1515 2522 quumque
1556 2446 1674 2507 hoc
1714 2444 1925 2505 nescio
1970 2447 2281 2519 quomodo

210 2530 377 2605 apud
406 2546 517 2589 eos
547 2529 1015 2601 increbruisset,
1050 2545 1145 2588 me
1174 2530 1234 2589 in
1265 2529 1474 2590 causis
1516 2529 1851 2590 maioribus
1884 2527 2063 2589 sicuti
2091 2539 2152 2590 te
2182 2547 2279 2591 so·

210 2615 335 2673 lere
365 2612 616 2685 versari,
648 2631 762 2688 pro
795 2630 865 2673 se
895 2612 1161 2688 quisque
1192 2630 1351 2688 quae
1378 2623 1619 2688 poterat
1640 2614 1718 2673 de
1741 2611 1946 2673 officio
1971 2623 2032 2672 et
2048 2612 2283 2675 ratione

210 2697 468 2756 oratoris
501 2695 870 2773 disputabat.
917 2696 1019 2759 83.
1061 2697 1293 2757 Horum
1324 2696 1442 2769 alii,
1475 2696 1657 2757 sicuti
1686 2696 1802 2757 iste
1844 2697 1981 2770 ipse
2009 2697 2284 2757 Mnesar-

211 2780 393 2852 chuS,
425 2779 570 2852 1108,
605 2797 763 2855 quos
792 2797 910 2841 nos
941 2789 1217 2841 oratores
1247 2797 1648 2852 vocaremuS,
1692 2778 1839 2838 nihil
1865 2796 2010 2839 esse
2040 2779 2285 2842 dicebat
2372 2809 2378 2815 ·

208 2860 327 2921 nisi
360 2825 663 2936 quosd'am
691 2863 1011 2960 operarios
1041 2863 1247 2939 lingua
1276 2861 1463 2924 celeri
1493 2874 1555 2925 et
1582 2861 1943 2935 exercitata3
1973 2873 2281 2925 oratorem

207 2954 441 3013 autem
475 2945 596 3007 nisi
628 2945 734 3021 qui
767 2946 1017 3023 sapiens
1048 2957 1244 3020 esset,
1292 2964 1437 3008 esse
1477 2946 1809 3018 neminem;
1854 2956 2040 3022 atque
2083 2945 2277 3024 ipsam

203 3029 649 3104 eloquentiam,
686 3031 857 3106 quod
884 3047 964 3090 ex
991 3032 1148 3093 bene
1178 2995 1426 3093 di’cendi
1455 3030 1712 3093 scientia
1742 3039 2067 3103 constaret,
2095 3049 2280 3093 unam

204 3114 532 3187 quamdam
560 3131 706 3175 esse
734 3113 1018 3175 virtutem
1048 3124 1138 3187 et,
1170 3116 1272 3190 qui
1300 3132 1485 3176 unam
1513 3116 1796 3177 virtutem
1825 3114 2107 3189 haberet,
2151 3132 2277 3176 om-

205 3212 318 3257 nes
348 3196 576 3257 habere
608 3214 844 3273 easque
873 3214 1016 3258 esse
1046 3195 1202 3259 inter
1231 3216 1300 3259 se
1330 3201 1623 3274 aequales
1656 3210 1717 3260 et
1745 3215 1963 3275 pares;
2022 3198 2136 3272 ita,
2167 3200 2275 3275 qui

201 3288 370 3340 esset
398 3281 735 3356 eloquenS,
781 3298 918 3342 eum
950 3280 1199 3342 virtutes
1244 3299 1458 3344 omnes
1479 3283 1726 3345 -babere
1767 3291 1952 3356 atque
1992 3297 2135 3341 esse
2173 3301 2271 3343 sa-

202 3362 487 3437 pientem
549 3364 675 3424 Sed
702 3365 857 3426 haec
887 3374 1015 3425 erat
1035 3365 1293 3441 spinosa
1317 3367 1620 3442 quaedam
1643 3377 1705 3427 et
1725 3363 1904 3425 exilis
1926 3363 2121 3427 oratio
2139 3369 2273 3431 lon-

199 3461 403 3521 geque
433 3464 471 3506 a
499 3447 730 3508 nostris
773 3449 1061 3509 sensibus
1103 3449 1488 3511 abhorrebat.
1561 3446 1663 3512 84.
1709 3447 2083 3510 Charmadas
2124 3469 2272 3513 vero

201 3531 389 3591 multo
420 3530 673 3591 uberius
704 3530 937 3592 eisdem
965 3534 1043 3592 de
1073 3533 1257 3592 rebus
1288 3533 1672 3607 loquebatur,
1700 3548 1824 3593 non
1858 3549 1981 3607 quo
2012 3532 2275 3606 aperiret

284 3630 395 3673 erc.
430 3614 477 3672 1.
512 3624 564 3672 2.
1809 3618 1846 3674 2
