2622 3908
706 235 848 297 un.
873 239 973 297 111.
1021 237 1184 297 cAP.
1214 247 1464 301 15—18.
1510 245 1851 306 §.se—65.
2090 319 2094 324 .
2206 240 2328 303 159

255 391 618 455 Aristoteles
636 397 698 450 et
717 390 1115 463 Xenocrates,
1142 407 1401 465 quorum
1424 391 1577 451 alter
1596 390 2152 467 Peripateticorum,
2179 395 2329 453 alter

247 473 621 538 Academiae
646 489 869 533 nomen
895 472 1168 546 obtinuit,
1202 472 1426 534 deinde
1449 475 1526 534 ab
1548 474 1932 550 Antisthene,
1963 476 2066 552 qui
2092 475 2326 553 patien-

251 562 394 623 tiam
418 567 479 619 et
499 556 783 618 duritiam
812 555 871 616 in
891 556 1205 618 Socratico
1236 574 1523 618 sermone
1551 557 1814 618 maxime
1840 561 2181 634 adamarat,
2210 561 2323 638 Cy-

247 643 373 705 nici
396 642 677 718 primum,
703 640 928 701 deinde
945 640 1154 715 Stoici,
1177 649 1301 701 tum
1318 642 1394 700 ab
1408 640 1747 716 Aristippo,
1779 659 1958 716 quem
1975 643 2115 704 illae
2129 644 2324 719 magis
2429 717 2436 722 .

247 725 632 802 voluptariae
655 723 1105 799 disputationes
1131 726 1531 800 delectarant,
1564 725 1900 801 Cyrenaica
1928 726 2325 803 philosophia

246 809 545 883 manavit,
595 826 778 885 quam
820 807 922 868 ille
954 817 1015 869 et
1055 807 1189 869 eius
1235 808 1470 884 posteri
1515 807 1871 884 simpliciter
1903 811 2325 886 defenderunt,

247 896 342 970 hi,
392 893 498 969 qui
534 909 696 954 nunc
730 895 1046 968 voluptate
1082 893 1286 952 omnia
1319 892 1677 966 metiuntur,
1733 894 1877 954 dum
1912 894 2324 956 verecundius

246 979 311 1040 id
340 985 561 1053 agunt,
596 993 710 1038 nec
740 975 1015 1051 dignitati
1046 974 1197 1037 satis
1228 976 1482 1050 faciunt,
1524 994 1708 1053 quam
1736 994 1858 1038 non
1891 986 2319 1053 aspernantur,

247 1078 360 1124 nec
405 1063 781 1137 voluptatem
826 1069 1098 1131 tuentur,
1148 1078 1333 1135 quam
1375 1059 1712 1136 amplexari
1751 1062 1983 1121 volunt.
2057 1061 2326 1122 Fuerunt

246 1145 429 1207 etiam
458 1145 579 1205 alia
607 1161 835 1219 genera
862 1143 1408 1220 philosophorum,
1447 1144 1552 1221 qui
1588 1162 1657 1204 se
1694 1162 1909 1205 omnes
1944 1146 2073 1205 fere
2104 1145 2325 1206 Socra-

244 1230 402 1291 ticos
424 1245 568 1290 esse
600 1227 914 1301 dicebant,
942 1228 1384 1303 Eretricorum,
1412 1227 1827 1301 Herilliorum,
1857 1228 2319 1303 Megaricorum,

245 1313 769 1392 Pyrrhoneorum3
810 1312 922 1371 sed
952 1328 1026 1372 ea
1055 1312 1270 1371 horum
1300 1312 1364 1371 vi
1396 1321 1456 1373 et
1485 1311 2000 1386 disputationibus
2032 1321 2173 1373 sunt
2205 1312 2322 1373 iam

246 1397 353 1458 diu
386 1398 577 1458 fracta
611 1405 672 1457 et
705 1394 1024 1456 exstincta.
1100 1394 1202 1457 63.
1240 1396 1334 1455 Ex
1369 1395 1487 1456 illis
1523 1404 1758 1471 autem,
1796 1413 1956 1472 quae
1991 1405 2323 1459 remanent,

246 1499 323 1542 ea
364 1479 793 1556 philosophia,
837 1495 999 1556 quae
1043 1479 1323 1555 suscepit
1357 1478 1762 1556 patrocinium
1795 1481 2161 1556 voluptatis,
2207 1476 2318 1542 etsl

245 1563 346 1626 cui
390 1581 540 1624 vera
588 1563 894 1638 videatur,
945 1565 1389 1639 procul'abest
1431 1572 1631 1625 tamen
1678 1565 1756 1624 ab
1798 1581 1872 1625 eo
1923 1563 2084 1637 viro,
2142 1583 2321 1641 quem

247 1647 600 1726 quaerimus
646 1655 706 1709 et
753 1664 936 1723 quem
985 1657 1297 1709 auctorem
1347 1647 1574 1724 publici
1621 1647 1861 1710 consilii
1910 1659 1970 1709 et
2014 1651 2321 1724 regendae

250 1731 512 1794 civitatis
542 1733 762 1792 ducem
792 1741 853 1793 et
882 1731 1223 1793 sententiae
1254 1741 1439 1807 atque
1470 1731 1861 1807 eloquentiae
1893 1731 2232 1808 principem
2262 1733 2319 1791 in

241 1824 496 1890 senatu,
525 1815 587 1875 in
611 1817 867 1891 populo,
899 1816 959 1874 in
991 1814 1198 1876 causis
1232 1814 1493 1889 publicis
1525 1831 1668 1875 esse
1700 1817 2002 1875 volumus.
2047 1817 2174 1874 Nec
2201 1817 2322 1875 ulla

239 1903 450 1962 tamen
482 1898 538 1960 ei
576 1898 1007 1975 philosophiae
1036 1900 1141 1961 fiet
1173 1897 1394 1960 iniuria
1426 1914 1465 1958 a
1498 1896 1696 1959 nobis,
1761 1898 1895 1959 Non
1929 1896 2091 1957 enim
2119 1900 2320 1974 repel-

241 1991 400 2049 letur
428 1983 589 2058 inde,
628 2001 752 2059 quo
783 1983 1037 2059 aggredi
1070 1984 1304 2060 cupiet;
1338 1984 1450 2043 sed
1480 1981 1541 2042 in
1562 1981 1819 2043 hortulis
1857 1981 2136 2056 quiescet
2171 1982 2320 2056 suis,

246 2067 351 2128 ubi
388 2069 541 2142 vult,
579 2069 679 2128 ubi
716 2067 895 2129 etiam
930 2068 1233 2128 recubans
1257 2065 1515 2127 molliter
1540 2074 1600 2127 et
1624 2065 1882 2126 delicate
1905 2082 2020 2126 nos
2043 2074 2265 2127 avocat
2287 2083 2324 2126 a

237 2148 519 2225 Rostris,
550 2169 588 2212 a
614 2150 891 2225 iudiciis,
925 2168 963 2211 a
994 2150 1189 2225 curia,
1229 2152 1492 2211 sortasse
1522 2147 1860 2226 sapienter,
1892 2148 2009 2209 hac
2040 2165 2322 2226 praeser·
2390 2149 2397 2154 ”

240 2238 353 2299 tim
386 2252 457 2296 re
491 2235 757 2310 publica.
836 2232 937 2297 64.
992 2237 1225 2295 Verum
1266 2251 1384 2310 ego
1420 2251 1543 2294 non
1583 2250 1812 2309 quaero
1848 2249 2011 2294 nunc
2048 2249 2208 2309 quae
2245 2233 2324 2294 sit

249 2318 643 2395 philosophia
675 2318 1027 2395 verissima,
1075 2320 1188 2379 sed
1224 2335 1383 2395 quae
1417 2319 1641 2379 oratori
1677 2316 2004 2379 coniuncta
2036 2315 2320 2378 maxime.

247 2404 449 2478 Quare
491 2402 646 2464 istos
692 2400 823 2463 sine
870 2404 991 2463 ulla
1035 2402 1401 2464 contumelia
1445 2401 1848 2474 dimittamus;
1894 2409 2037 2463 sunt
2070 2400 2231 2463 enim
2263 2412 2321 2463 et

244 2483 395 2548 boni
425 2485 539 2546 viri
572 2493 649 2559 et,
683 2485 971 2562 quoniam
1002 2486 1120 2547 sibi
1149 2485 1233 2547 ita
1263 2485 1563 2560 videntur,
1594 2485 1789 2558 beati;
1823 2493 2179 2563 tantumque
2210 2502 2321 2547 eos

246 2572 709 2643 admoneamuS,
737 2581 804 2631 ut
825 2570 1003 2644 illud,
1036 2569 1274 2631 etiamsi
1297 2578 1394 2629 est
1417 2568 1823 2642 verissimum,
1850 2570 2093 2631 tacitum
2122 2578 2318 2631 tamen

250 2665 560 2731 tamquam
582 2653 939 2732 mysterium
953 2662 1215 2727 teneant,
1240 2654 1407 2728 quod
1424 2652 1895 2726 negantversari
1919 2652 1976 2711 in
1993 2671 2060 2712 re
2076 2654 2323 2728 publica

249 2755 397 2800 esse
426 2738 741 2814 sapientis.
809 2738 960 2798 Nam
997 2739 1050 2798 si
1076 2739 1197 2798 hoc
1228 2736 1409 2797 nobis
1437 2744 1624 2810 atque
1659 2736 1890 2812 optimo
1924 2734 2148 2810 cuique
2181 2752 2320 2811 per-

251 2820 591 2895 suaserint,
628 2839 748 2883 non
785 2830 1075 2897 poterunt
1107 2819 1232 2898 ipsi
1260 2816 1424 2895 esse,
1458 2818 1522 2879 id
1554 2820 1722 2894 quod
1753 2818 2017 2878 maxime
2048 2818 2319 2894 cupiunt,

242 2905 450 2968 otiosi.
542 2906 756 2966 XVIII.
813 2903 913 2967 65.
962 2905 1205 2967 Stoicos
1248 2913 1484 2978 autem,
1537 2920 1696 2979 quos
1736 2901 1979 2963 minime
2019 2903 2320 2978 improbo,

249 2988 486 3050 dimitto
520 2997 717 3050 tamen
747 3006 861 3050 nec
895 3006 1006 3051 eos
1035 2988 1222 3051 iratos
1251 3005 1504 3062 vereor,
1542 2987 1829 3063 quoniam
1863 2986 2108 3049 omnino
2137 2986 2320 3048 irasci

249 3073 563 3144 nesciunt;
606 3081 793 3148 atque
826 3073 984 3134 hanc
1013 3073 1090 3133 iis
1120 3073 1318 3134 habeo
1349 3072 1633 3148 gratiam,
1671 3074 1839 3148 quod
1870 3072 1987 3134 soli
2017 3089 2097 3132 ex
2128 3070 2321 3131 omni·

248 3156 367 3217 bus
398 3155 809 3232 eloquentiam
838 3157 1119 3219 virtutem
1148 3173 1221 3217 ac
1253 3156 1615 3231 sapientiam
1642 3173 1784 3218 esse
1828 3155 2129 3216 dixerunt.
2198 3154 2318 3214 Sed

241 3237 459 3313 utique
503 3246 599 3299 est
640 3238 701 3296 in
743 3237 838 3297 his
887 3237 1056 3311 quod
1099 3235 1176 3296 ab
1220 3237 1373 3309 hoc,
1415 3256 1596 3313 quem
1641 3238 2029 3312 instruimuS,
2078 3247 2319 3299 oratore

249 3326 432 3386 valde
466 3324 824 3396 abhorreat,
872 3326 1000 3398 vel,
1038 3325 1204 3401 quod
1240 3341 1487 3398 omnes,
1527 3323 1632 3399 qui
1667 3322 1980 3397 sapientes
2018 3338 2141 3385 non
2178 3321 2316 3395 sint,

249 3425 505 3481 servoS,
539 3412 836 3481 latroneS,
872 3409 1118 3482 hosteS,
1151 3407 1406 3468 insanos
1440 3424 1582 3468 esse
1612 3405 1848 3477 dicunt,
1888 3423 2091 3482 neque
2121 3413 2319 3468 tamen

252 3509 625 3568 quemquam
670 3509 814 3553 esse
857 3490 1216 3567 sapientem.
1294 3492 1492 3550 Valde
1527 3499 1727 3551 autem
1765 3497 1862 3550 est
1894 3491 2226 3553 absurdum
2261 3491 2316 3551 ei
