2622 3908
707 223 851 284 LIB.
880 224 924 282 Ι.
970 223 1137 283 CAP.
1161 232 1229 285 26
1252 259 1321 266 —
1342 232 1428 285 29.
1474 229 1525 290 §-
1552 234 1653 285 122
1666 259 1751 269 --
1765 233 1888 287 131.
2262 222 2338 286 27

262 372 404 436 128.
449 376 517 434 ln
548 383 793 436 oratore
813 384 1016 436 autem
1039 391 1297 436 acumen
1323 374 1810 449 dialecticorum,
1845 374 2186 436 sententiae
2209 376 2341 451 phi-

260 457 697 533 losophorum,
739 459 932 518 verba
968 474 1166 533 prope
1196 461 1545 533 poetarum,
1587 457 1882 519 memoria
1914 457 2064 520 iuris
2096 461 2340 521 consul-

261 553 490 615 torum,
532 557 659 602 vox
688 542 1151 615 tragoedorum,
1185 550 1399 616 gestus
1431 557 1629 616 paene
1659 559 2035 603 summorum
2064 551 2339 604 actorum

258 634 357 686 est
383 623 812 700 requirendus.
872 624 1277 698 Quamobrem
1301 624 1449 684 nihil
1472 624 1534 685 in
1557 625 1869 686 hominum
1891 642 2116 700 genere
2139 627 2338 687 rarius

257 709 536 785 perfecto
582 716 825 769 oratore
866 707 1126 768 inveniri
1170 717 1396 784 potest.
1454 708 1622 782 Quae
1651 708 1812 769 enim
1843 708 2219 784 singularum
2245 728 2339 771 re-

256 808 393 853 rum
436 791 705 852 artifices
750 791 991 867 singula
1026 791 1080 852 si
1110 790 1499 853 mediocriter
1516 791 1736 867 ‚adepti
1774 801 1942 867 sunt,
1985 794 2340 868 probantur,

258 892 334 935 ea
379 874 497 936 nisi
541 874 748 935 omnia
778 892 1014 936 summa
1044 884 1187 936 sunt
1212 874 1275 935 in
1307 883 1583 949 oratore,
1624 874 1872 951 probari
1902 893 2024 937 non
2056 887 2339 951 possunt.

432 958 572 1020 129.
618 960 767 1019 Tum
799 960 1087 1020 Crassus:
1126 958 1314 1034 Atqui
1346 959 1518 1033 vide,
1560 958 1786 1035 inquit,
1823 960 1883 1018 in
1915 959 2170 1021 artificio
2200 978 2332 1035 per-

262 1060 446 1118 quam
476 1043 644 1103 tenui
673 1052 733 1103 et
760 1042 882 1103 levi
913 1051 1141 1118 quanto
1171 1045 1313 1118 plus
1344 1043 1705 1104 adhibeatur
1734 1042 2110 1118 diligentiae,
2156 1061 2337 1119 quam
2374 1100 2384 1113 χ

260 1125 321 1187 in
368 1126 483 1186 hac
527 1143 626 1199 re,
673 1144 855 1201 quam
885 1135 1127 1187 constat
1153 1143 1298 1188 esse
1328 1126 1673 1187 maximam.
1733 1127 1936 1202 Saepe
1969 1125 2132 1188 enim
2164 1130 2337 1188 soleo

258 1208 476 1271 audire
502 1210 797 1271 Roscium
815 1258 829 1283 ,
864 1227 1052 1285 quum
1081 1210 1165 1271 ita
1194 1209 1386 1282 dicat,
1436 1228 1505 1271 se
1536 1211 1737 1271 adhuc
1765 1210 2036 1286 reperire
2066 1210 2311 1285 discipu

258 1295 413 1367 lum,
458 1310 642 1368 quem
688 1293 936 1369 quidem
977 1294 1295 1369 probaret,
1341 1292 1623 1368 potuisse
1666 1293 1998 1366 neminem,
2047 1309 2171 1353 non
2214 1308 2335 1369 quc,

259 1394 384 1439 non
415 1386 627 1438 essent
658 1376 905 1453 quidam
932 1376 1305 1453 probabiles,
1338 1379 1452 1438 sed
1485 1376 1646 1453 quia,
1679 1377 1733 1438 si
1762 1376 1994 1452 aliquid
2022 1377 2207 1438 modo
2239 1393 2337 1438 es-

260 1471 356 1522 set
399 1459 558 1533 vitii,
602 1460 666 1520 id
712 1462 870 1522 serre
913 1460 1053 1536 ipse
1095 1478 1219 1522 non
1266 1470 1501 1537 posset.
1558 1461 1715 1522 Nihil
1761 1471 1857 1523 est
1900 1460 2061 1522 enim
2097 1469 2219 1522 tam
2247 1457 2368 1671 1Πῖ

261 1543 437 1620 signe
481 1560 597 1604 nec
625 1553 747 1605 tarn
776 1546 857 1604 ad
891 1543 1345 1606 diuturnitatem
1380 1544 1711 1607 memoriae
1743 1544 1991 1621 stabile,
2040 1562 2223 1621 quam
2255 1545 2315 1604 id

262 1627 322 1688 in
372 1645 494 1703 quo
539 1627 773 1703 aliquid
815 1628 1167 1690 offenderis.
1240 1627 1383 1691 130.
1426 1631 1641 1705 Itaque
1669 1638 1737 1690 ut
1764 1630 1844 1689 ad
1873 1629 2031 1690 hanc
2063 1628 2335 1690 similitu-

262 1711 465 1771 dinem
494 1710 675 1773 huius
705 1711 1019 1774 histrionis
1051 1713 1378 1774 oratoriam
1408 1714 1651 1774 laudem
1683 1713 2046 1788 dirigamus,
2088 1712 2325 1772 videtis-

263 1812 339 1857 ne
371 1813 553 1871 quam
582 1794 725 1855 nihil
755 1798 832 1856 ab
864 1813 938 1857 eo
970 1795 1088 1856 nisi
1116 1798 1418 1872 perfecte,
1464 1796 1613 1857 nihil
1650 1795 1769 1857 nisi
1799 1814 1934 1858 cum
1964 1813 2204 1857 summa
2233 1812 2335 1855 ve-

261 1889 504 1940 nustate
548 1880 681 1951 liat,
728 1879 845 1940 nisi
888 1879 1003 1954 ita,
1047 1890 1113 1941 ut
1156 1880 1376 1941 deceat
1418 1889 1478 1941 et
1510 1880 1598 1941 uti
1630 1897 1843 1941 omnes
1882 1889 2125 1941 moveat
2151 1888 2337 1954 atque

262 1965 564 2025 delectet?
644 1965 858 2040 Itaque
898 1965 1018 2025 hoc
1061 1963 1181 2023 iam
1225 1964 1334 2024 diu
1376 1973 1472 2025 est
1513 1973 1918 2037 consecutuS,
1964 1973 2058 2036 ut,
2104 1963 2164 2021 in
2214 1980 2335 2038 quo

264 2046 531 2122 quisque
574 2047 834 2109 artificio
877 2049 1236 2122 excelleret,
1281 2047 1336 2106 is
1380 2047 1441 2106 in
1472 2064 1585 2107 suo
1619 2063 1844 2122 genere
1872 2046 2139 2107 Roscius
2172 2045 2334 2106 dice·

263 2139 444 2191 retur.
515 2133 690 2192 Hanc
735 2148 850 2206 ego
896 2130 1347 2192 absolutionem
1390 2131 1955 2206 perfectionemque
2000 2128 2061 2189 in
2093 2136 2337 2190 oratore

264 2213 642 2289 desiderans,
673 2232 712 2274 a
743 2233 866 2290 qua
893 2214 1031 2291 ipse
1060 2218 1242 2291 longe
1272 2216 1510 2288 absum,
1554 2214 1714 2276 facio
1745 2214 2161 2291 impudenter;
2193 2211 2333 2272 mihi

261 2297 419 2360 enim
453 2300 592 2360 volo
631 2298 900 2374 ignosci,
932 2298 1192 2360 caeteris
1222 2299 1360 2376 ipse
1389 2317 1511 2360 non
1544 2298 1824 2374 ignosco.
1890 2299 2040 2358 Nam
2075 2296 2180 2373 qui
2212 2314 2335 2358 non

265 2389 499 2458 potest,
536 2383 637 2459 qui
667 2381 891 2444 vitiose
918 2382 1093 2456 facit,
1128 2400 1315 2458 quem
1343 2382 1611 2459 denique
1641 2400 1764 2444 non
1795 2384 2002 2454 decet,
2048 2382 2241 2456 hunc,
2274 2391 2337 2443 ut

263 2466 632 2540 Apollonius
673 2465 950 2541 iubebat,
994 2468 1076 2526 ad
1118 2466 1210 2540 id,
1259 2468 1427 2543 quod
1473 2468 1676 2528 facere
1718 2467 1950 2543 possit,
2010 2467 2328 2527 detruden-

263 2549 409 2608 dum
440 2559 611 2624 puto.

286 2649 287 2652 ’
428 2634 637 2694 ΧΧΙΧ.
710 2634 849 2696 131.
906 2635 1062 2695 Num
1105 2642 1170 2695 tu
1213 2632 1421 2708 igitur,
1468 2633 1667 2710 inquit
1709 2634 2050 2709 Sulpicius,
2093 2653 2191 2695 me
2235 2646 2337 2696 aut

263 2714 422 2777 hunc
448 2717 681 2778 Cottam
709 2718 807 2779 ius
836 2717 1016 2778 civile
1038 2726 1143 2779 aut
1161 2734 1292 2779 rem
1320 2715 1637 2778 militarem
1659 2716 1835 2778 iubes
1860 2718 2144 2779 discere?
2187 2720 2335 2778 Nam

263 2800 402 2875 quis
441 2801 522 2860 ad
576 2800 695 2862 ista
733 2818 970 2863 summa
1009 2810 1196 2877 atque
1236 2802 1298 2861 in
1342 2800 1506 2862 omni
1548 2816 1773 2876 genere
1819 2804 2091 2878 perfecta
2132 2811 2336 2877 potest

259 2883 627 2959 pervenire?
681 2886 830 2946 Tum
858 2885 988 2946 ille=
1025 2887 1151 2961 Ego
1182 2901 1365 2960 vero,
1400 2884 1625 2960 inquit,
1662 2886 1831 2960 quod
1862 2886 1921 2945 in
1951 2884 2133 2946 vobis
2164 2901 2335 2960 egre-

258 2965 420 3042 giam
467 2969 795 3042 quamdam
837 2986 912 3030 ac
956 2970 1335 3044 praeclaram
1376 2968 1647 3031 indolem
1702 2970 1781 3029 ad
1826 2969 2154 3031 dicendum
2192 2986 2335 3031 esse

258 3051 558 3128 cognovi,
588 3051 819 3113 idcirco
849 3052 1003 3113 haec
1035 3052 1302 3129 exposui
1334 3053 1567 3124 omnia;
1606 3070 1721 3114 nec
1750 3053 1946 3129 magis
1975 3056 2057 3114 ad
2086 3071 2198 3114 eos
2230 3055 2334 3113 de-

258 3135 612 3209 terrendOS,
643 3138 748 3212 qui
780 3154 900 3197 non
932 3146 1221 3212 possent,
1255 3154 1440 3213 quam
1463 3138 1544 3198 ad
1573 3155 1721 3210 VOS,
1755 3137 1860 3214 qui
1889 3136 2191 3213 possetis,
2228 3152 2328 3196 ex-

259 3219 575 3280 acuendos
618 3219 1081 3281 accommodavi
1126 3220 1465 3282 orationem
1506 3239 1734 3290 meam;
1783 3229 1843 3281 et
1874 3235 2242 3296 quamquam
2275 3218 2332 3278 in

257 3310 520 3376 utroque
563 3310 833 3364 vestrum
875 3321 1179 3365 summum
1220 3320 1364 3365 esse
1408 3303 1717 3379 ingenium
1761 3302 2153 3378 studiumque
2199 3322 2336 3380 per-

256 3383 469 3459 spexi,
514 3396 716 3446 tamen
759 3388 944 3456 haec,
987 3403 1147 3462 quae
1188 3396 1332 3448 sunt
1375 3387 1436 3447 in
1479 3388 1689 3462 specie
1728 3386 1958 3460 posita,
2002 3390 2079 3449 de
2111 3388 2334 3464 quibus

257 3468 435 3540 plura
475 3470 741 3530 fortasse
782 3468 940 3541 dixi,
988 3486 1171 3545 quam
1212 3472 1414 3531 solent
1442 3468 1660 3529 Graeci
1690 3469 1897 3529 dicere
1968 3469 2032 3530 in
2058 3477 2151 3544 te,
2198 3470 2333 3530 Sul-
