2622 3908
316 231 437 293 180
1099 227 1201 286 DE
1245 226 1610 287 ORATORE

315 378 520 442 stituta
563 388 661 440 est
700 376 949 454 inopiae
995 394 1219 451 causa,
1274 380 1663 454 frequentata
1704 375 2153 439 delectationis.
2236 377 2380 438 Nam

314 477 695 540 gemmare
735 461 973 535 viteS,
1019 461 1406 523 luxuriem
1449 479 1629 523 esse
1675 461 1747 521 in
1791 458 2090 534 herbiS,
2133 461 2381 522 laetas

317 564 353 607 s
368 563 506 621 ege
525 554 593 606 te
610 563 640 605 s
672 544 852 606 etiam
883 544 1096 607 rustici
1120 545 1349 606 dicunt.
1409 545 1586 619 Quod
1611 544 1774 606 enim
1795 544 2096 605 declarari
2120 542 2224 603 vix
2248 561 2380 605 ver-

315 632 395 690 bo
430 628 679 704 proprio
713 638 949 704 potest,
983 627 1045 688 id
1073 630 1367 690 translato
1401 646 1589 705 quum
1610 638 1707 690 est
1728 627 1990 700 dictum,
2020 626 2278 689 illustrat
2301 626 2381 702 id,

316 715 484 788 quod
512 711 762 788 intelligi
791 715 1105 785 volumuS,
1147 712 1280 774 eius
1309 712 1431 786 rei,
1476 729 1659 788 quam
1701 711 1902 773 alieno
1940 711 2132 772 verbo
2173 710 2377 786 posui·

315 815 480 868 muS,
527 794 878 858 similitudo.
940 794 1081 858 156.
1126 797 1286 872 Ergo
1330 796 1446 873 hae
1476 795 1908 857 translationes
1940 795 2119 871 quasi
2148 803 2378 856 mutua—

312 879 514 942 tiones
559 889 730 952 sunt,
780 897 966 954 quum
1009 881 1179 955 quod
1222 897 1343 941 non
1387 880 1618 940 habeas
1661 879 1908 940 aliunde
1939 895 2178 941 sumas:
2238 879 2382 940 illae
2484 894 2487 895 ’

316 967 518 1041 paullo
552 963 951 1038 audaciores,
993 981 1152 1039 quae
1181 979 1306 1023 non
1337 962 1604 1039 inopiam
1635 961 1933 1034 indicant,
1981 962 2093 1024 sed
2122 961 2383 1023 orationi

315 1046 666 1124 splendoris
709 1010 951 1123 aliquid,
986 1057 1341 1118 arcessunt3
1398 1064 1655 1122 quarum
1698 1063 1815 1122 ego
1862 1044 2012 1121 quid
2055 1045 2235 1106 vobis
2279 1054 2383 1107 aut

314 1131 665 1192 inveniendi
695 1130 994 1193 rationem
1032 1141 1137 1193 aut
1164 1148 1394 1207 genera
1421 1137 1692 1206 ponam?

481 1216 745 1276 XXXIX.
790 1213 932 1277 157.
981 1214 1404 1276 Similitudinis
1449 1223 1546 1276 est
1587 1214 1667 1274 ad
1709 1214 1965 1274 verbum
2007 1229 2195 1273 unum
2234 1229 2377 1274 con·

315 1310 506 1362 tracta
532 1298 833 1373 brevitaS,
868 1301 1036 1376 quod
1064 1297 1364 1361 verbum
1348 1316 1407 1358 ιη
1440 1297 1641 1359 alieno
1672 1299 1812 1359 loco
1842 1307 2151 1371 tamquam
2176 1295 2237 1356 in
2263 1314 2381 1359 suo

318 1382 615 1459 positum,
648 1381 701 1442 si
732 1384 1116 1458 agnoscitur,
1145 1385 1439 1454 delectat3
1471 1381 1526 1443 si
1558 1380 1754 1442 simile
1784 1380 1931 1441 nihil
1954 1380 2170 1453 habet,
2199 1396 2383 1456 repu—

316 1465 534 1528 diatur.
598 1466 732 1526 Sed·
754 1484 827 1527 ea
856 1468 1169 1528 transferri
1194 1475 1455 1542 oportet,
1491 1482 1650 1540 quae
1678 1473 1784 1526 aut
1805 1463 2125 1525 clariorem
2150 1462 2381 1525 faciunt

316 1566 475 1622 rem,
504 1557 571 1610 ut
598 1547 702 1608 illa
732 1549 963 1610 omnia=

1334 1633 1699 1695 Inhorrescit
1722 1650 1906 1706 mare,

409 1718 703 1778 Tenebrae
752 1720 1278 1794 conduplicantur,
1339 1720 1635 1792 noctisque
1690 1725 1749 1778 et
1801 1717 2057 1778 nimbum
2105 1718 2384 1777 obcaecat

1436 1804 1661 1876 uiqror,

398 1886 675 1944 Flamma
703 1889 857 1946 inter
884 1887 1065 1945 nubes
1091 1902 1197 1946 cor
1198 1870 1395 1959 uscat,
1425 1889 1657 1945 caelum
1685 1888 1904 1946 tonitru
1930 1887 2253 1959 contremit,

404 1971 648 2029 Grando
679 1974 868 2031 mixta
902 1971 1080 2030 imbri
1102 1972 1377 2043 larqifico
1408 1971 1600 2030 subita
1621 1973 2034 2046 praecipitans
2059 1970 2258 2039 cadit,-

408 2053 679 2128 Undique
705 2072 911 2129 omnes
929 2057 1087 2115 venti
1108 2061 1450 2128 erumpunt,
1491 2057 1654 2115 saevi
1681 2058 1972 2115 exsistunt
2001 2053 2264 2113 turbines
2277 2074 2296 2112 .-

398 2138 603 2196 Fervit
627 2147 793 2199 aestu
810 2142 1065 2213 pelaqus
1078 2159 1098 2196 .-

319 2220 521 2280 omnia
554 2222 698 2292 sere,
736 2238 859 2296 quo
895 2230 1107 2281 essent
1134 2220 1413 2292 clariora,
1443 2222 1751 2282 translatis
1782 2238 1896 2298 per
1928 2218 2386 2281 similitudinem

314 2303 521 2363 verbis
564 2304 726 2365 dicta
768 2315 937 2375 sunt3
980 2304 1119 2366 158.
1164 2314 1271 2365 aut
1315 2321 1438 2380 quo
1482 2304 1860 2381 significetur
1899 2303 2092 2380 magis
2125 2321 2226 2364 res
2256 2313 2387 2366 tota

317 2386 449 2447 sive
482 2386 621 2447 facti
651 2386 911 2454 alicuius
949 2388 1081 2448 sive
1112 2386 1384 2463 consilii,
1414 2399 1481 2449 ut
1508 2388 1640 2463 ille,
1671 2388 1777 2465 qui
1801 2389 2206 2450 occultantem
2233 2405 2374 2450 con·

316 2470 507 2543 sulto,
540 2487 616 2530 ne
646 2469 738 2545 id,
777 2472 943 2545 quod
980 2481 1289 2547 ageretur,
1339 2471 1588 2550 intelligi
1624 2482 1870 2549 posset,
1908 2472 2154 2534 duobus
2182 2480 2380 2533 trans·

314 2552 452 2613 latis
487 2551 691 2613 verbis
733 2553 1125 2628 similitudine
1153 2554 1297 2631 ipsa
1321 2554 1568 2633 indicat,

403 2638 887 2714 Quandoquidem
916 2643 967 2700 is
993 2658 1057 2701 se
1084 2644 1479 2703 circumvestit
1504 2643 1678 2703 dictis
1692 2689 1707 2716 ,
1748 2646 1942 2718 saepit
1965 2661 2029 2704 se
2059 2641 2216 2702 dolo.

483 2722 948 2798 Nonnumquam
977 2724 1159 2784 etiam
1186 2723 1458 2785 brevitas
1497 2724 1896 2788 translatione
1924 2725 2279 2798 conficitur,
2322 2733 2388 2784 ut

312 2803 493 2888 illud=
538 2806 607 2865 Si
634 2812 808 2867 telum
843 2824 1023 2867 manu
1047 2808 1229 2883 suffit.
1296 2809 1715 2883 Imprudentia
1757 2809 1855 2871 teli
1929 2807 2100 2870 missi
2129 2805 2387 2869 brevius

312 2887 583 2963 propriis
619 2890 823 2950 verbis
854 2889 1083 2965 exponi
1110 2908 1232 2951 non
1269 2891 1494 2967 potuit,
1543 2910 1728 2968 quam
1759 2904 1856 2954 est
1883 2911 2006 2954 uno
2039 2889 2387 2967 significata

309 2973 622 3032 translato.
693 2970 834 3034 159.
878 2975 1011 3034 Hoc
1054 2974 1115 3034 in
1160 2992 1389 3050 genere
1431 2993 1739 3052 persaepe
1775 2974 1920 3037 mihi
1957 2974 2384 3037 admirandum

311 3053 553 3116 videtur
583 3054 730 3131 quid
761 3056 865 3128 sit,
918 3058 1085 3132 quod
1120 3076 1336 3119 omnes
1368 3059 1678 3121 translatis
1707 3070 1768 3121 et
1796 3059 2013 3120 alienis
2044 3057 2242 3134 magis
2277 3060 2383 3119 de·

309 3139 607 3201 lectentur
663 3138 865 3201 verbis
924 3158 1106 3215 quam
1152 3141 1421 3217 propriis
1463 3153 1525 3204 et
1564 3142 1712 3204 suis.
1811 3144 1932 3203 XL.
1988 3145 2138 3203 Nam
2183 3142 2235 3203 si
2281 3158 2381 3203 res

310 3240 488 3284 suum
517 3240 739 3284 nomen
780 3234 842 3285 et
869 3225 1236 3286 vocabulum
1270 3225 1584 3302 proprium
1620 3244 1741 3288 non
1772 3227 1983 3301 habet,
2027 3235 2094 3288 ut
2137 3243 2274 3301 pes
2321 3225 2381 3285 in

308 3306 482 3379 navi,
524 3318 591 3368 ut
633 3323 936 3380 nexum,
984 3310 1149 3383 quod
1182 3327 1292 3384 per
1320 3309 1535 3369 libram
1564 3309 1794 3385 agitur,
1837 3321 1904 3371 ut
1946 3310 2014 3371 in
2037 3327 2236 3371 uxore
2267 3307 2379 3370 di·

311 3390 677 3462 vortium,
720 3390 1061 3452 necessitas
1094 3391 1287 3468 cogit,
1338 3394 1507 3468 quod
1537 3411 1660 3454 non
1691 3393 1952 3467 habeaS,
1996 3393 2246 3454 aliunde
2279 3411 2376 3453 su·

312 3484 504 3527 mere:
550 3474 660 3530 sed
704 3473 763 3532 in
803 3492 1051 3535 suorum
1087 3476 1410 3537 verborum
1443 3476 1707 3539 maxima
1740 3477 1924 3545 copia
1952 3465 2151 3537 tamen
2185 3474 2373 3537 homi·
