2622 3908
683 193 826 252 Lm.
850 193 923 251 11.
965 193 1421 254 CAP.45——49.
1465 197 1516 258 s.
1543 154 1873 254 leo—196.
2191 190 2312 254 103

335 348 675 422 Scyreqare
703 346 807 404 abs
840 352 894 404 te
912 343 1111 417 ausu’s
1134 351 1239 402 aut
1267 346 1395 403 sine
1421 345 1521 403 illo
1552 343 1865 403 Salamina
1896 339 2176 416 inqre'di?

336 431 538 505 Neque
565 438 884 505 paternum.
912 433 1209 501 aspectum
1231 444 1293 487 es
1328 423 1590 486 veritus?

247 513 595 588 Numquam
626 511 794 571 illum
824 527 906 570 as
922 527 961 584 p
980 519 1225 571 ectum
1262 507 1531 580 dicebat,
1568 507 1714 583 quin
1749 509 1890 581 mihi
1926 509 2312 572 Telamo-ira-

249 607 354 657 tus
401 597 601 656 furere
648 597 815 655 luctu
856 592 963 652 filii
998 591 1321 662 videretur.
1393 596 1474 652 At
1503 591 1667 659 idem
1695 591 1924 653 inflexa
1953 593 2033 653 ad
2063 594 2311 654 misera-

249 678 439 740 bilem
469 696 690 746 sonum
724 692 915 737 voce=

881 762 1067 831 Quum
1104 770 1293 825 aetate
1335 767 1552 822 exacta
1595 761 1854 834 indiqem

335 848 613 907 Liberum
643 847 952 917 lacerasti,
987 845 1211 904 orbasti
1222 890 1236 917 ‚
1270 846 1559 905 exstinxit·
1567 865 1590 914 ,·
1623 861 1811 919 neque
1852 845 2084 902 Fratris
2124 851 2295 915 necis,

340 931 544 1006 Neque
576 932 702 990 eius
723 931 900 1002 quati
918 931 1131 1003 parvi,
1175 931 1281 1002 qai
1306 930 1410 991 tibi
1440 931 1504 989 in
1533 931 1771 989 tutelam
1798 935 1886 991 est
1915 928 2170 989 traditus
2185 973 2199 998 ,
2234 961 2312 970 --

253 1014 418 1074 flens
466 1029 538 1072 ac
576 1014 790 1087 lugens
824 1011 1029 1071 dicere
1058 1009 1393 1072 videbatur.
1461 1011 1628 1085 Quae
1660 1011 1711 1070 si
1743 1010 1844 1071 ille
1872 1009 2118 1082 histrio,
2168 1010 2316 1069 coti-

253 1096 360 1157 die
417 1114 602 1170 quum
647 1103 886 1170 ageret,
942 1102 1140 1155 tamen
1185 1106 1352 1156 recte
1393 1111 1576 1169 agere
1611 1094 1745 1155 sine
1777 1095 1992 1156 dolore
2023 1110 2144 1154 non
2181 1102 2313 1168 pot-

254 1189 418 1253 erat,
465 1178 610 1253 quid
644 1177 972 1239 Pacuvium
1013 1176 1236 1253 putatis
1270 1177 1333 1238 in
1366 1177 1692 1239 scribendo
1731 1178 1850 1238 leni
1881 1178 2083 1238 animo
2115 1193 2188 1236 ac
2223 1193 2312 1236 re-

254 1263 451 1322 misso
501 1261 735 1322 fuisse?
789 1260 949 1322 Fieri
989 1261 1154 1325 nullo
1197 1263 1383 1323 modo
1433 1260 1648 1336 potuit.
1720 1260 1859 1325 194.
1905 1261 2107 1339 Saepe
2156 1259 2316 1321 enim

254 1344 467 1408 audivi
499 1348 744 1423 poetam
775 1346 1003 1406 bonum
1036 1343 1337 1407 neminem
1371 1374 1455 1390 ——
1503 1343 1566 1405 id
1607 1347 1769 1421 quod
1802 1363 1839 1405 a
1866 1343 2211 1427 Democrito
2259 1353 2313 1405 el

255 1431 508 1491 Platone
552 1428 614 1488 in
655 1427 899 1505 scriptis
938 1427 1214 1490 relictum
1261 1446 1404 1491 esse
1436 1427 1647 1490 dicunt
1686 1465 1760 1505 ÷
1814 1428 1947 1495 sine
1983 1427 2317 1489 inflamma·-

257 1513 424 1575 tione
449 1512 785 1575 animorum
809 1510 1109 1574 exsistere
1138 1529 1327 1588 posse
1352 1524 1412 1576 et
1436 1512 1570 1575 sine
1594 1515 1859 1590 quodam
1884 1510 2114 1579 adflatu
2140 1514 2315 1588 quasi

258 1596 503 1660 furoris.
569 1597 802 1665 XLVII.
850 1596 1048 1669 Quare
1080 1596 1266 1658 nolite
1294 1597 1643 1659 existimare
1675 1616 1772 1659 me
1797 1599 2025 1678 ipsum,
2067 1597 2170 1673 qui
2195 1612 2314 1658 non

256 1681 516 1742 heroum
564 1684 806 1740 veteres
859 1696 1043 1741 casus
1086 1681 1391 1756 fictosque
1440 1683 1636 1742 luctus
1675 1682 1853 1752 velim
1884 1681 2098 1743 imitari
2135 1688 2318 1756 atquc

260 1765 627 1825 adumbrare
669 1763 931 1824 dicendo
966 1780 1170 1839 neque
1200 1774 1371 1825 actor
1406 1764 1519 1839 sim
1552 1765 1787 1825 alienae
1818 1781 2157 1840 personae,
2207 1760 2315 1823 sed

262 1856 474 1909 auctor
505 1863 710 1921 meae,
746 1865 933 1922 quum
964 1845 1109 1909 mihi
1139 1848 1239 1908 Μ’.
1276 1847 1560 1923 Aquilius
1594 1846 1655 1911 in
1688 1846 1929 1909 civitate
1962 1845 2317 1917 retinendus

260 1941 461 2007 esset,
504 1947 664 2007 quae
717 1930 775 1990 in
823 1929 926 1991 illa
973 1947 1160 1991 causa
1206 1932 1552 2007 peroranda
1599 1929 1878 2005 fecerim,
1928 1929 2060 1994 sine
2098 1943 2316 2006 magno

262 2017 477 2077 dolore
512 2014 756 2076 secisse.
819 2013 960 2076 195.
1006 2016 1196 2089 Quem
1242 2013 1404 2075 enim
1438 2031 1552 2091 ego
1592 2017 1907 2082 consulem
1941 2013 2163 2084 fuisse,
2212 2012 2316 2071 im·

265 2109 605 2175 peratorem
638 2108 914 2159 ornatum
944 2116 982 2158 a
1011 2107 1258 2171 senatu,
1304 2108 1587 2160 ovantem
1624 2097 1684 2159 in
1718 2097 2075 2174 Capitolium
2107 2113 2313 2156 ascen·

265 2183 435 2244 disse
458 2180 901 2254 meminissem,
938 2183 1101 2243 hunc
1127 2201 1314 2259 quum
1341 2182 1684 2258 adflictum,
1718 2181 2118 2255 debilitatum,
2159 2196 2322 2240 mae-

265 2275 517 2340 rentem,
549 2265 609 2325 in
647 2283 949 2327 summum
972 2266 1298 2328 discrimen
1328 2268 1656 2330 adductum
1681 2267 1969 2341 viderem,
2001 2282 2123 2325 non
2149 2263 2322 2341 prius

219 2402 224 2406 .
266 2368 400 2411 sum
436 2357 694 2411 conatus
725 2348 1206 2412 misericordiam
1238 2351 1373 2411 aliis
1406 2367 1824 2422 commovere,
1874 2368 2055 2427 quam
2089 2347 2318 2410 miseri·

266 2433 479 2494 cordia
515 2451 651 2494 sum
681 2432 820 2509 ipse
851 2443 1087 2508 captus.
1157 2433 1339 2496 Sensi
1383 2435 1671 2511 equidem
1714 2444 1838 2496 tum
1874 2451 2093 2509 magno
2132 2450 2322 2509 opere

265 2515 498 2578 moveri
543 2516 811 2593 iudiceS,
858 2536 1044 2594 quum
1089 2517 1353 2579 excitavi
1381 2529 1679 2581 maestum
1711 2535 1784 2578 ac
1817 2519 2194 2579 sordidatum
2226 2534 2319 2577 se·

269 2618 405 2661 nem
442 2608 503 2661 et
536 2618 725 2676 quum
754 2599 874 2662 ista
909 2601 1055 2675 feci,
1107 2619 1265 2676 quae
1299 2612 1392 2675 tn,
1432 2604 1680 2673 Crasse,
1729 2603 1976 2671 laudas,
2019 2619 2144 2663 non
2175 2609 2323 2673 arte,

269 2686 344 2745 de
382 2701 504 2759 qua
538 2684 686 2760 quid
716 2685 936 2760 loquar
966 2684 1209 2759 nescio,
1256 2685 1370 2745 sed
1410 2693 1576 2745 motu
1619 2701 1838 2760 magno
1887 2684 2069 2743 animi
2113 2702 2186 2744 ac
2217 2685 2323 2744 do-

272 2771 415 2842 lore,
451 2777 518 2830 ut
542 2768 952 2830 discinderem
975 2769 1258 2844 tunicam,
1292 2777 1358 2829 ut
1380 2766 1698 2828 cicatrices
1723 2768 2128 2828 ostenderem.
2187 2765 2321 2826 196.
2400 2783 2407 2789 ·

271 2853 465 2925 Quum
499 2854 559 2911 C.
591 2852 818 2914 Marius
866 2870 1203 2915 maerorem
1249 2850 1542 2914 orationis
1577 2865 1750 2911 meae
1791 2868 2087 2927 praesens
2126 2867 2198 2909 ac
2229 2866 2320 2909 se-

271 2937 423 2996 dens
478 2937 728 3000 multum
787 2935 1049 2999 lacrimis
1100 2937 1230 3000 suis
1284 2936 1604 2998 adiuvaret
1648 2952 1959 3011 quumque
2002 2952 2116 3011 ego
2160 2932 2324 2995 illum

272 3020 484 3079 crebro
535 3020 856 3095 appellans
913 3023 1208 3097 collegam
1263 3019 1320 3081 ei
1378 3038 1556 3082 suum
1614 3020 2105 3081 commendarem
2144 3028 2326 3094 atque

272 3101 471 3178 ipsum
502 3104 866 3164 advocatum
902 3106 979 3165 ad
1014 3121 1397 3165 communem
1426 3103 1855 3180 imperatorum
1896 3106 2198 3165 tartunam
2223 3101 2311 3160 de-

275 3187 638 3247 fendendam
666 3188 1046 3259 invocarem,
1078 3205 1198 3248 non
1228 3187 1339 3249 fuit
1361 3188 1514 3249 haec
1539 3188 1674 3251 sine
1697 3187 1850 3249 meis
1876 3185 2140 3246 lacrimis
2158 3232 2172 3255 ,
2205 3201 2326 3244 non

274 3269 405 3331 sine
447 3270 661 3331 dolore
688 3274 949 3346 [magno]
978 3271 1283 3333 miseratio
1335 3272 1727 3348 omniumque
1762 3273 2016 3331 deorum
2049 3278 2108 3329 et
2138 3266 2326 3329 homi-

272 3369 413 3414 num
443 3363 504 3414 et
526 3353 747 3432 civium
779 3365 840 3416 et
866 3355 1174 3417 sociorum
1203 3355 1566 3431 imploratio.
1633 3353 1864 3428 Quibus
1888 3351 2172 3414 omnibus
2198 3368 2326 3412 ver-

273 3435 396 3507 bis,
448 3455 607 3512 quae
648 3456 683 3498 a
728 3456 824 3501 me
866 3448 990 3501 tum
1037 3450 1171 3500 sunl
1225 3439 1456 3500 habita.
1504 3437 1553 3499 si
1590 3439 1768 3500 dolor
1810 3437 2109 3499 abfuisset
2137 3454 2325 3505 meus,
