2622 3908
302 253 383 313 59.
1083 253 1179 313 DE
1230 252 1595 312 ORATORE

304 420 566 464 maxime
613 403 904 479 gravibus
950 413 1054 464 aut
1100 404 1378 465 oratione
1421 402 1629 478 aliqua
1677 405 1836 464 lecta
1879 403 1961 464 ad
2002 421 2143 464 eum
2178 403 2383 480 finem,

304 504 488 564 quem
530 487 823 548 memoria
865 504 1120 564 possem
1178 487 1731 564 comprehendere,
1787 503 1923 547 eam
1980 503 2110 547 rem
2164 485 2381 565 ipsam)

305 588 487 646 quam
533 571 854 647 legissem,
913 570 1117 631 verbis
1164 571 1301 632 aliis
1349 587 1531 646 quam
1575 573 1836 630 maxime
1887 587 2142 646 possem
2187 571 2381 646 lectiS,

306 657 782 732 pronuntiarem.
872 655 996 715 Sed
1032 663 1178 730 post
1211 654 1611 715 animadverti
1647 655 1764 714 hoc
1801 670 1946 715 esse
1981 654 2041 713 in
2080 655 2199 715 hoc
2235 653 2380 727 vitii,

305 741 474 814 quod
510 755 584 799 ea
617 740 837 813 verba,
885 755 1045 814 quae
1083 738 1345 798 maxime
1381 737 1682 814 cuiusque
1704 737 1795 798 rei
1818 738 2071 813 propria
2095 754 2378 814 quaeque

301 831 512 883 essent
548 822 934 883 ornatissima
974 831 1159 898 atque
1190 822 1447 898 optima,
1495 831 1869 896 occupasset
1891 834 1994 882 aut
2016 821 2282 894 EnniuS,
2328 821 2379 883 si

302 908 382 968 ad
406 908 539 967 eius
561 923 783 968 versus
807 924 904 967 me
929 923 1299 980 exercerem,
1324 914 1428 966 aut
1442 905 1775 978 GracchuS,
1804 904 1857 964 si
1881 905 2015 966 eius
2040 905 2381 966 orationem

302 989 447 1051 mihi
484 991 638 1051 forte
676 989 1179 1066 proposuissem=
1223 990 1336 1064 ita,
1381 990 1433 1050 si
1470 988 1690 1050 iisdem
1723 989 1930 1050 verbis
1953 999 2188 1064 uterer,
2232 989 2377 1050 nihil

304 1074 639 1151 prodesse3
686 1073 740 1134 si
784 1073 949 1147 aliis,
997 1073 1179 1134 etiam
1231 1075 1489 1144 obesse,
1533 1090 1720 1147 quum
1762 1072 1961 1134 minus
2005 1072 2249 1134 idoneis
2293 1071 2378 1134 uti

302 1173 799 1219 consuescerem.
880 1155 1022 1218 155.
1073 1158 1296 1219 Postea
1330 1157 1473 1217 mihi
1511 1156 1771 1232 placuit,
1815 1172 2019 1232 eoque
2056 1174 2192 1218 sum
2226 1174 2378 1218 usus

303 1241 700 1312 adolescenS‚
748 1249 816 1302 ut
860 1259 1234 1303 summorum
1271 1250 1581 1303 oratorum
1618 1241 1887 1302 Graecas
1925 1239 2237 1302 orationes
2275 1258 2376 1302 ex:

304 1323 613 1402 plicarem.
662 1325 895 1400 Quibus
916 1327 1089 1386 lectis
1112 1326 1232 1386 hoc
1257 1326 1679 1400 adsequebar‚
1723 1333 1821 1398 ut,
1867 1342 2056 1400 quum
2079 1342 2182 1398 ea,
2222 1341 2379 1400 quae

303 1411 571 1484 legeram
607 1409 872 1482 Graece,
914 1408 1127 1470 Latine
1161 1411 1514 1483 redderem,
1558 1425 1682 1479 non
1723 1410 1923 1469 solum
1962 1407 2208 1484 optimis
2243 1425 2379 1469 ver-

302 1491 398 1552 bis
435 1501 639 1552 uterer
672 1500 958 1553 ettamen
981 1492 1222 1554 usitatis
1238 1539 1254 1567 ,
1301 1494 1415 1553 sed
1438 1492 1619 1553 etiam
1645 1492 2049 1568 exprimerem
2077 1493 2378 1568 quaedam

302 1576 494 1636 verba
531 1575 858 1652 imitand0,
916 1593 1074 1652 quae
1111 1593 1276 1637 nova
1309 1575 1537 1637 nostris
1574 1586 1815 1649 essent,
1876 1577 2024 1637 dum⁴
2054 1578 2239 1637 modo
2282 1592 2374 1636 es-

305 1667 442 1720 sent
462 1658 705 1721 idonea.
777 1659 917 1722 156.
961 1662 1086 1720 Iam
1121 1661 1296 1721 vocis
1338 1668 1398 1721 et
1436 1659 1687 1736 spiritus
1711 1670 1773 1721 et
1795 1660 1979 1723 totius
2016 1659 2296 1740 corporis
2322 1671 2374 1722 et

303 1742 502 1818 ipsius
526 1743 773 1819 linguae
807 1754 1009 1805 motus
1047 1753 1110 1806 et
1144 1743 1616 1805 exercitationes
1640 1761 1765 1805 non
1791 1754 1910 1805 tam
1934 1742 2082 1803 artis
2105 1742 2382 1817 indigent

305 1844 488 1902 quam
524 1827 786 1900 laboris;
834 1827 1056 1904 quibus
1094 1828 1155 1888 in
1190 1829 1380 1889 rebus
1415 1828 1700 1889 habenda
1732 1838 1830 1890 est
1860 1827 2013 1889 ratio
2041 1826 2379 1902 diligenter,

311 1928 465 1985 quos
486 1910 821 1987 imitemur,
846 1930 1104 1989 quorum
1128 1911 1360 1975 similes
1382 1912 1643 1973 velimus
1672 1929 1835 1974 esse.
1895 1911 2174 1974 Intuendi
2198 1909 2377 1972 nobis

304 2004 447 2055 sunt
477 2013 602 2056 non
640 1999 838 2058 solum
877 2008 1185 2071 oratores,
1233 1998 1347 2058 sed
1381 1996 1561 2058 etiam
1594 2006 1867 2069 actoreS‚
1925 2014 2002 2057 ne
2037 1998 2195 2056 mala
2235 2012 2372 2055 con-

305 2080 628 2141 suetudine
663 2081 742 2140 ad
772 2080 1040 2156 aliquam
1064 2080 1509 2142 deformitatem
1533 2080 2020 2157 pravitatemque
2041 2080 2378 2141 veniamus,

306 2160 445 2224 157.
488 2164 852 2224 Exercenda
904 2175 1000 2224 est
1041 2165 1224 2224 etiarn
1267 2163 1562 2225 memoria
1608 2163 1961 2225 ediscendis
2005 2165 2086 2225 ad
2128 2165 2377 2224 verbum

306 2262 488 2320 quam
513 2246 790 2319 plurimis
815 2255 876 2308 et
896 2247 1123 2307 nostris
1149 2247 1397 2321 scriptis
1421 2257 1483 2308 et
1504 2247 1739 2308 alienis.
1794 2250 2000 2323 Atque
2020 2248 2081 2308 in
2107 2265 2180 2308 ea
2204 2264 2374 2308 exer-

298 2336 589 2395 citatione
633 2351 757 2394 non
811 2352 964 2395 sane
1016 2337 1160 2396 mihi
1209 2339 1495 2414 displicet
1554 2340 1874 2412 adhibere,
1924 2339 1978 2398 si
2027 2341 2367 2409 consueriS,

298 2417 526 2490 [etiam]
558 2418 739 2478 istam
772 2422 1051 2480 locorum
1094 2420 1690 2498 simulacrorumque
1732 2422 2061 2493 rationem,
2106 2437 2268 2496 quae
2308 2422 2367 2480 in

295 2511 428 2560 arte
456 2501 735 2562 traditur.
796 2504 1132 2564 Educenda
1168 2505 1392 2566 deinde
1425 2506 1608 2567 dictio
1647 2515 1742 2567 est
1777 2524 1855 2567 ex
1890 2507 2005 2565 hac
2029 2505 2366 2566 domestica

296 2585 735 2645 exercitatione
769 2593 831 2646 et
859 2588 1164 2649 umbratili
1186 2589 1455 2651 medium
1487 2590 1545 2650 in
1579 2606 1818 2666 agmen,
1841 2590 1903 2650 in
1935 2593 2274 2665 pulverem,
2308 2588 2367 2647 in

298 2670 648 2742 clamorem,
678 2670 740 2729 in
772 2679 975 2732 castra
998 2680 1186 2748 atque
1209 2673 1268 2733 in
1304 2674 1498 2734 aciem
1531 2678 1862 2746 sorensem,
1888 2672 2371 2735 subeundusvi-

295 2768 403 2812 sus
436 2752 704 2814 omnium
736 2762 798 2814 et
830 2755 1269 2830 periclitandae
1303 2759 1464 2818 vires
1494 2758 1742 2833 ingenii,
1780 2765 1841 2820 et
1867 2757 1971 2817 illa
1998 2763 2370 2817 commenta-

293 2835 378 2896 tio
413 2836 651 2897 inclusa
686 2840 740 2897 in
781 2839 1052 2901 veritatis
1089 2843 1286 2901 lucem
1325 2844 1700 2917 proferenda
1729 2851 1841 2905 est.
1917 2840 2055 2901 158.
2099 2839 2370 2915 Legendi

295 2920 477 2979 etiam
508 2925 752 2995 poetae,
790 2926 1269 2997 cognoscendae
1301 2925 1612 2998 historiae,
1648 2927 1918 2988 omnium
1944 2926 2247 2986 bonarum
2278 2939 2368 2982 ar·

292 3001 439 3064 tium
480 3004 773 3064 doctores
816 3013 1005 3080 atque
1051 3008 1391 3082 scriptores
1431 3010 1674 3086 legendi
1721 3018 1781 3072 et
1819 3007 2254 3087 pervolutandi
2307 3014 2369 3066 et

297 3086 756 3147 exercitationis
789 3105 979 3149 causa
1008 3092 1327 3165 laudandi,
1359 3094 1835 3171 interpretandi,
1870 3091 2237 3167 corrigendi,
2282 3090 2368 3150 vi-

292 3173 636 3245 tuperandi,
665 3173 1017 3245 refellendi;
1051 3175 1615 3253 disputandumque
1641 3180 1720 3240 de
1750 3180 1913 3241 omni
1937 3195 2005 3238 re
2031 3177 2090 3235 in
2124 3182 2364 3236 contra·

291 3253 415 3314 rias
445 3263 657 3330 partes
694 3265 783 3328 et,
831 3257 1131 3331 quidquid
1169 3260 1282 3320 erit
1319 3261 1380 3321 in
1426 3280 1675 3338 quaque
1711 3280 1811 3336 re,
1844 3263 2015 3338 quod
2046 3257 2366 3336 probabile

292 3335 487 3397 videri
500 3338 719 3413 possa
739 3340 1102 3401 eliciendum
1127 3351 1316 3419 atque
1342 3347 1697 3408 eruendum.
1732 3311 1872 3408 15'9.
1887 3344 2365 3444 perdiscendum

292 3436 388 3479 lus
416 3420 611 3491 civile,
638 3425 1113 3497 cognoscendae
1132 3429 1324 3502 leges,
1349 3429 1747 3505 percipienda
1782 3430 1981 3491 omnis
2012 3426 2390 3503 antiquitas,

293 3503 604 3562 senatoria
635 3510 1042 3575 consuetudo,
1066 3510 1408 3585 disciplina
1420 3512 1509 3573 rei
1537 3514 1830 3588 publicae
1872 3516 2007 3575 iura
2029 3511 2363 3573 sociorum.
