2622 3908
723 240 867 299 LlB.
900 240 971 298 11.
1019 239 1182 298 CAP.
1212 247 1244 302 7
1263 248 1405 301 —9.
1448 245 1501 305 §-
1532 247 1795 302 28—37.
2213 239 2293 300 67

246 390 377 448 dam
404 388 715 451 invenerit.
775 388 874 451 33.
918 393 1121 465 Atque
1152 389 1411 463 utinam,
1445 398 1512 451 ut
1539 389 1684 450 mihi
1713 388 1818 451 illa
1847 390 2062 452 videor
2092 390 2301 451 videre

244 469 299 532 in
342 473 470 533 foro
512 481 698 549 atque
723 473 786 532 in
817 472 1054 547 causis»,
1100 473 1243 535 item
1289 490 1480 547 nunc,
1530 475 2043 549 quemadmodum
2090 492 2166 536 ea
2204 491 2299 534 re-

244 556 600 631 perirentur,
653 574 907 633 possem
950 556 1128 618 vobis
1169 556 1523 631 exquirere!

399 639 523 702 Sed
551 642 629 702 de
657 657 755 701 me
783 639 1031 713 videro;
1075 657 1238 701 nunc
1279 641 1399 701 hoc
1429 657 1743 716 propone,
1790 643 1959 716 quod
1987 641 2133 702 mihi
2160 659 2296 718 per-

242 723 431 798 suasi,
478 723 757 800 quamvis
804 741 904 785 ars
947 741 1071 784 non
1110 724 1218 797 sit,
1264 733 1465 785 tamen
1498 723 1646 786 nihil
1676 742 1821 786 esse
1848 726 2122 800 perfecto
2162 743 2297 786 ora-

243 816 364 869 tore
391 809 785 883 praeclarius.
842 808 992 868 Nam
1020 817 1088 870 ut
1113 826 1294 869 usum
1320 809 1565 869 dicendi
1588 807 1887 881 omittam,
1922 807 2028 884 qui
2048 807 2110 867 in
2135 810 2298 869 omni

238 899 447 967 pacata
485 901 545 953 et
591 891 783 952 libera
824 890 1066 952 civitate
1109 891 1483 965 dominatur,
1526 901 1691 954 tanta
1733 892 2056 953 oblectatio
2096 900 2193 952 est
2235 891 2294 951 in

237 973 367 1050 ipsa
397 977 680 1036 facultate
703 973 975 1048 dicendi,
1006 983 1073 1036 ut
1098 975 1246 1036 nihil
1269 975 1580 1037 hominum
1604 983 1709 1037 aut
1731 975 1981 1037 auribus
2003 983 2110 1036 aut
2129 991 2293 1035 men·

239 1058 387 1119 tibus
425 1057 753 1121 iucundius
795 1057 1028 1134 percipi
1070 1058 1286 1134 possit.
1359 1058 1462 1121 34.
1508 1060 1622 1134 Qui
1649 1059 1811 1120 enim
1840 1067 2056 1120 cantus
2086 1059 2298 1121 mode·
2326 1084 2346 1096 ·

235 1150 356 1202 rata
381 1141 656 1204 oratione
679 1141 917 1203 dulcior
937 1140 1197 1202 inveniri
1221 1150 1469 1218 potest?
1498 1146 1666 1217 quod
1697 1160 1942 1203 carmen
1966 1143 2295 1204 artificiosa

239 1227 552 1288 verborum
575 1224 975 1287 conclusione
997 1225 1198 1299 aptius
1213 1233 1243 1284 2
1286 1224 1391 1301 qui
1413 1234 1584 1288 actor
1606 1225 1926 1300 imitanda,
1954 1244 2138 1301 quam
2162 1243 2293 1287 ora·

238 1317 322 1370 tor
363 1308 759 1386 suscipienda
804 1307 1058 1370 veritate
1099 1308 1467 1371 iucundior?
1543 1309 1699 1385 Quid
1755 1319 1957 1372 autem
2014 1309 2293 1372 subtilius

236 1411 407 1468 quam
431 1395 686 1455 crebrae
707 1401 1050 1469 acutaeque
1074 1394 1453 1455 sententiae?
1496 1394 1645 1470 quid
1668 1393 2085 1455 admirabilius
2113 1412 2296 1470 quam

233 1493 325 1538 res
355 1479 688 1554 splendore
714 1476 1011 1538 illustrata
1037 1479 1409 1540 verborum?
1453 1478 1600 1554 quid
1642 1477 1885 1554 plenius
1917 1496 2100 1554 quam
2130 1477 2297 1540 omni

233 1576 447 1634 genere
474 1578 680 1623 rerum
709 1562 1015 1622 cumulata
1044 1561 1281 1623 oratio?
1334 1563 1546 1638 Neque
1575 1564 1698 1624 ulla
1728 1581 1851 1625 non
1881 1563 2137 1640 propria
2160 1580 2290 1624 ora—

233 1644 371 1706 toris
398 1663 502 1707 res
533 1654 646 1719 est,
682 1661 841 1720 quae
871 1644 1118 1721 quidem
1149 1654 1363 1708 ornate
1387 1647 1508 1707 dici
1529 1646 1918 1722 graviterque
1943 1647 2145 1708 debet.
2192 1648 2294 1706 IX.

232 1726 322 1788 35.
366 1728 565 1790 Huius
608 1738 704 1791 est
743 1728 804 1788 in
849 1730 1052 1790 dando
1099 1729 1356 1791 consilio
1403 1730 1481 1791 de
1511 1729 1791 1791 maximis
1818 1731 2004 1791 rebus
2036 1746 2175 1790 cum
2204 1728 2293 1788 di—

228 1810 443 1886 gnitate
492 1811 799 1888 explicata
842 1811 1172 1883 sententia3
1231 1812 1508 1874 eiusdem
1568 1824 1629 1874 et
1680 1813 2026 1889 languentis
2080 1811 2293 1889 populi

229 1894 491 1959 incitatio
524 1905 587 1958 et
614 1895 893 1957 effrenati
921 1896 1290 1968 moderatim
1334 1898 1549 1957 eadem
1581 1896 1865 1958 facultate
1896 1904 1957 1958 et
1987 1898 2153 1957 fraus
2183 1896 2291 1957 ho-

228 1979 443 2043 minum
491 1982 573 2040 ad
613 1980 945 2056 perniciem
985 1989 1046 2041 et
1074 1979 1386 2055 integritas
1416 1982 1494 2039 ad
1527 1982 1783 2041 salutem
1813 1989 2085 2041 vocatur.
2145 1979 2293 2054 Quis

227 2063 528 2126 cohortari
556 2065 635 2125 ad
662 2065 944 2125 virtutem
964 2064 1311 2139 ardentiUS,
1343 2063 1481 2140 quis
1504 2081 1543 2124 a
1562 2062 1728 2125 vitiis
1751 2062 1955 2124 acrius
1974 2080 2291 2136 revocare,

227 2149 358 2223 quis
399 2147 753 2223 vituperare
795 2146 1110 2224 improbos
1153 2146 1468 2225 asperiuS,
1516 2147 1655 2224 quis
1686 2150 1936 2209 laudare
1965 2149 2165 2209 bonos
2196 2164 2291 2208 or·

227 2230 451 2307 natius,
517 2230 656 2307 quis
713 2230 1107 2307 cupiditatem
1148 2234 1569 2295 vehementius
1613 2234 1893 2309 frangere
1938 2233 2292 2293 accusando

225 2323 467 2391 potest?
511 2314 649 2391 quis
679 2331 1017 2377 maerorem
1045 2319 1249 2377 levare
1271 2316 1477 2379 mitius
1502 2317 1925 2378 consolando?
1961 2317 2061 2378 36.
2090 2318 2293 2378 Histo-

227 2398 309 2461 ria
334 2416 488 2460 vero
521 2398 694 2460 testis
725 2407 1094 2474 temporum,
1140 2402 1248 2462 lux
1274 2399 1579 2475 veritatis,
1617 2400 1741 2462 vita
1772 2401 2133 2474 memoriae,
2166 2417 2291 2462 ma-

224 2482 407 2557 gistra
453 2481 645 2557 vitae,
694 2481 906 2543 nuntia
949 2483 1305 2558 vetustatis,
1350 2502 1474 2560 qua
1512 2502 1669 2545 voce
1705 2485 1826 2546 alia
1868 2484 1985 2545 nisi
2032 2483 2293 2546 oratoris

224 2564 649 2628 immortalitati
692 2568 1192 2627 commendatur?
1244 2567 1394 2626 Nam
1443 2566 1495 2627 si
1540 2586 1663 2642 qua
1686 2578 1781 2629 est
1817 2586 1918 2629 ars
1949 2568 2098 2642 alia,
2134 2584 2294 2643 quae

224 2652 550 2711 verborum
595 2656 701 2709 aut
740 2651 1162 2713 faciendorum
1203 2660 1309 2713 aut
1354 2655 1753 2726 legendorum
1794 2653 2111 2714 scientiam
2151 2669 2292 2726 pro-

226 2733 492 2804 fiteatur3
536 2741 639 2794 aut
681 2731 736 2794 si
780 2732 1105 2807 quisquam
1148 2732 1370 2794 dicitur
1397 2734 1513 2793 nisi
1545 2743 1749 2795 orator
1780 2734 2041 2794 formare
2070 2733 2291 2794 oratio-

224 2834 356 2878 nem
401 2834 662 2892 eamque
705 2816 945 2877 variare
979 2825 1040 2878 et
1065 2815 1441 2893 distinguere
1471 2816 1648 2892 quasi
1680 2817 2046 2893 quibusdam
2073 2818 2293 2878 verbo-

218 2916 352 2962 rum
384 2900 944 2975 sententiarumque
973 2899 1347 2976 insignibu83
1392 2909 1494 2963 aut
1532 2901 1585 2962 si
1626 2898 1729 2962 via
1770 2904 1894 2963 ulla
1924 2901 2039 2963 nisi
2069 2903 2147 2962 ab
2177 2902 2293 2962 hac

224 3002 345 3045 una
393 2991 520 3045 arte
566 2984 820 3046 traditur
867 2994 971 3046 aut
1020 2994 1515 3060 argumentorum
1563 2995 1668 3047 aut
1716 2985 2148 3048 sententiarum
2189 2995 2293 3045 aut

222 3066 490 3143 denique
520 3066 956 3144 descriptionis
986 3076 1171 3143 atque
1201 3068 1463 3144 ordinis,
1499 3071 1795 3132 fateamur
1819 3080 1922 3131 aut
1942 3070 2091 3142 hoc,
2124 3069 2292 3143 quod

222 3152 377 3212 haec
421 3169 521 3212 ars
562 3152 944 3226 profiteatur,
992 3151 1255 3213 alienum
1298 3170 1442 3214 esse
1481 3162 1585 3216 aut
1613 3171 1752 3215 cum
1781 3154 1899 3215 alia
1927 3152 2134 3228 aliqua
2160 3161 2291 3211 arte

222 3250 369 3295 esse
424 3251 765 3296 commune.
853 3233 956 3296 37.
986 3235 1108 3296 Sed
1137 3237 1189 3296 si
1231 3235 1292 3296 in
1335 3237 1450 3297 hac
1492 3256 1615 3299 una
1656 3247 1751 3299 est
1792 3255 1867 3298 ea
1907 3236 2061 3297 ratio
2104 3243 2290 3310 atque

222 3315 533 3386 doctrina,
577 3334 734 3392 non,
784 3318 837 3379 si
880 3318 986 3394 qui
1023 3318 1277 3381 aliarum
1318 3320 1535 3381 artium
1577 3322 1735 3381 bene
1777 3318 1963 3382 locuti
2001 3329 2171 3393 sunt,
2213 3336 2291 3380 eo

223 3399 423 3463 minus
465 3401 527 3462 id
568 3410 664 3462 est
692 3403 873 3464 huius
904 3401 1086 3463 unius
1117 3402 1461 3480 proprium3
1509 3405 1622 3464 sed
1656 3412 1722 3465 ut
1751 3412 1955 3465 orator
1983 3405 2062 3465 de
2091 3403 2167 3465 iis
2195 3421 2289 3465 re-

224 3502 369 3556 ouS,
415 3503 575 3562 quae
619 3494 994 3547 caeterarum
1038 3486 1252 3548 artium
1297 3495 1466 3558 sunt,
1515 3486 1567 3548 si
1611 3490 1794 3548 modo
1841 3504 1949 3608 eas
1982 3486 2286 3564 cognovit.

1791 3581 1824 3627 5
