2622 3908
331 266 411 329 10
1107 266 1210 325 DE
1256 265 1621 326 ORATORE

329 419 576 480 omnino
603 416 948 494 quaesisse,
974 416 1122 477 nihil
1146 416 1305 478 scire
1331 417 1798 491 convincerent3
1832 430 1892 481 et
1921 439 2107 497 quum
2134 420 2404 483 universi

327 502 388 562 in
428 512 489 563 te
529 501 820 578 impetum
852 501 1173 574 fecissent,
1220 509 1347 562 tum
1385 501 1664 577 singulae
1698 503 1957 565 familiae
1988 506 2149 566 litem
2180 505 2287 565 tibi
2316 504 2403 565 in-

327 588 662 647 tenderent.
720 584 821 646 43.
858 587 1117 645 Instaret
1142 585 1509 660 Academia,
1554 602 1744 662 quae,
1783 586 2082 663 quidquid
2113 588 2403 659 dixisseS‚

326 669 388 729 id
418 679 477 731 te
507 669 711 745 ipsum
741 685 967 744 negare
992 678 1258 744 cogeret.
1319 669 1509 734 Stoici
1531 686 1679 730 vero
1704 670 1899 731 nostri
1923 671 2402 748 disputationum

326 770 574 814 suarum
621 762 806 829 atque
848 752 1391 828 interrogationum
1426 753 1666 829 laqueis
1699 763 1757 814 te
1786 754 2078 817 irretitum
2107 763 2402 816 tenerent.

325 836 706 912 Peripatetici
746 845 950 897 autem
992 836 1173 897 etiam
1203 836 1356 897 haec
1387 835 1553 911 ipsa,
1602 854 1760 912 quae
1802 838 2053 915 propria
2094 851 2405 900 oratorum

326 930 508 997 putas
554 937 696 982 esse
739 920 1088 980 adiumenta
1129 926 1315 994 atque
1360 930 1715 982 ornamenta
1754 921 2030 996 dicendi,
2090 939 2129 983 a
2171 939 2241 983 se
2279 921 2404 998 peti

325 1005 642 1066 vincerent
669 1014 987 1080 oportere;
1034 1020 1107 1063 ac
1137 1020 1261 1063 non
1294 1005 1493 1065 solum
1522 1004 1803 1078 meliora,
1852 1007 1964 1066 sed
2004 1005 2184 1067 etiam
2213 1006 2403 1068 multo

323 1091 500 1164 plura
542 1087 934 1149 Aristotelem
977 1088 1590 1163 Theophrastumque
1648 1090 1726 1148 de
1768 1088 1904 1150 istis
1945 1091 2161 1163 rebuS,
2219 1106 2401 1164 quam

326 1188 542 1233 omnes
574 1171 818 1232 dicendi
848 1171 1178 1247 magistros
1211 1171 1544 1246 scripsisse
1569 1174 1982 1234 ostenderent.
2037 1171 2139 1234 44.
2170 1173 2401 1234 Missos

328 1256 485 1318 l'acio
518 1255 1008 1328 mathematicOS‚
1041 1255 1502 1331 grammaticOS,
1535 1256 1839 1330 musicOS,
1879 1275 2137 1332 quorum
2169 1256 2401 1318 artibus

326 1350 532 1402 vestra
570 1341 688 1400 ista
732 1335 976 1400 dicendi
1022 1339 1115 1400 vis
1157 1356 1235 1399 ne
1265 1338 1513 1399 minima
1543 1338 1792 1415 quidem
1821 1340 2117 1402 societate
2149 1340 2397 1401 coniun-

323 1424 502 1500 gitur.
537 1423 941 1497 Quamobrem
966 1422 1083 1484 ista
1105 1429 1269 1483 tanta
1291 1432 1539 1499 tamque
1561 1426 1747 1484 multa
1773 1425 2135 1500 profitenda,
2161 1424 2402 1496 Crasse,

323 1525 447 1569 non
478 1524 728 1568 censeo.
786 1506 947 1567 Satis
978 1506 1042 1567 id
1072 1515 1168 1567 est
1197 1523 1511 1582 magnum,
1557 1508 1726 1582 quod
1755 1518 1934 1584 potes
1959 1518 2303 1585 praestare,
2338 1517 2399 1570 ut

325 1589 385 1651 in
416 1590 659 1652 iudiciis
689 1608 766 1651 ea
795 1607 1014 1663 causa,
1047 1607 1498 1666 quamcumque
1531 1601 1592 1651 tu
1622 1590 1811 1666 dicia,
1846 1592 2060 1654 melior
2090 1602 2152 1653 et
2180 1593 2394 1668 proba·

326 1674 503 1736 bilior
533 1691 677 1735 esse
706 1673 1017 1744 videatur;
1062 1682 1129 1735 ut
1155 1673 1214 1735 in
1238 1674 1635 1747 contionibus
1667 1684 1727 1735 et
1754 1674 1815 1735 in
1847 1675 2164 1738 sententiis
2197 1675 2400 1736 dicen·

324 1758 422 1820 dis
466 1760 546 1819 ad
587 1755 1089 1834 persuadendum
1132 1766 1235 1819 tua
1276 1757 1602 1834 plurimum
1631 1762 1832 1821 valeat
1862 1759 2087 1830 orati03
2135 1759 2404 1835 denique

327 1853 390 1903 ut
412 1841 814 1919 prudentibus
839 1842 1067 1902 diserte
1082 1888 1096 1913 ‚
1133 1841 1333 1903 stultis
1357 1841 1539 1904 etiam
1560 1860 1706 1903 vere
1730 1843 1979 1905 videare
2001 1843 2225 1904 dicere.
2269 1844 2399 1904 Hoc

325 1925 586 2004 amplius
633 1926 687 1988 si
732 1925 880 2003 quid
923 1926 1186 2003 poteriS,
1233 1943 1357 1988 non
1397 1926 1462 1988 id
1499 1926 1645 1988 mihi
1674 1927 1979 1990 videbitur
2010 1936 2245 2002 orator,
2288 1927 2400 1988 sed

329 2013 588 2073 Crassus
620 2028 735 2072 sua
766 2013 1029 2086 quadam
1061 2010 1340 2085 propria,
1382 2029 1505 2073 non
1537 2014 1843 2073 communi
1874 2022 2182 2074 oratorum
2213 2013 2397 2072 facul—

328 2104 446 2158 tate
475 2112 688 2172 posse.

492 2180 592 2238 XI.
649 2177 751 2239 45.
797 2179 945 2238 Tum
975 2175 1108 2246 ille,
1151 2178 1284 2238 Non
1310 2195 1476 2251 sum,
1509 2178 1733 2254 inquit,
1763 2178 2043 2251 nesciuS,
2079 2178 2397 2251 Scaevola,

325 2263 441 2324 ista
464 2264 621 2323 inter
646 2262 916 2322 Graecos
944 2259 1073 2320 dici·
1089 2269 1149 2322 et
1171 2259 1502 2338 disceptari
1528 2266 1747 2323 solere.
1801 2261 2025 2323 Audivi
2049 2261 2210 2322 enim
2237 2280 2397 2323 sum·

324 2363 461 2407 mos
489 2345 802 2419 homines,
834 2361 1023 2420 quum
1054 2354 1349 2419 quaestor
1377 2362 1456 2406 ex
1484 2346 1850 2407 Macedonia
1882 2345 2190 2406 venissem
2213 2346 2408 2406 Athe-

320 2447 468 2504 naS,
500 2428 759 2490 florente
788 2427 1156 2501 Academia,
1190 2440 1254 2489 ut
1283 2430 1661 2504 temporibus
1692 2430 1810 2491 illis
1842 2432 2178 2503 serebatur,
2214 2448 2401 2506 quum

324 2530 460 2575 eam
482 2513 854 2573 Charmadas
875 2522 935 2572 et
960 2511 1370 2573 Clitomachus
1395 2523 1455 2575 et
1471 2511 1819 2575 Aeschines
1844 2514 2216 2576 obtinebant.
2257 2514 2402 2572 Erat

324 2595 505 2658 etiam
532 2597 955 2669 Metrodorus,
988 2593 1093 2672 qui
1124 2613 1261 2656 cum
1290 2596 1410 2657 illis
1439 2614 1563 2657 una
1592 2597 1797 2673 ipsum
1825 2598 1993 2660 illum
2026 2596 2401 2659 Carneadem

324 2678 674 2755 diligentius
705 2679 1015 2753 audierat,
1057 2679 1368 2740 hominem
1403 2682 1673 2741 omnium
1702 2681 1765 2741 in
1796 2681 2096 2754 dicend0,
2137 2689 2204 2741 ut
2248 2681 2399 2740 fere-

323 2766 486 2838 bant,
501 2762 865 2824 acerrimum
887 2772 948 2823 et
970 2763 1472 2839 copiosissimum
1488 2791 1503 2834 3
1533 2763 1904 2840 vigebatque
1919 2765 2163 2832 auditor
2173 2763 2398 2823 Panae—

323 2847 389 2908 tii
413 2846 577 2909 illius
603 2847 686 2909 tui
714 2847 1118 2909 Mnesarchus
1150 2856 1211 2908 et
1235 2846 1624 2922 Peripatetici
1656 2848 1897 2909 Critolai
1925 2849 2253 2910 Diodorus.
2297 2846 2399 2909 46.

321 2930 495 2992 Multi
540 2939 713 2992 erant
753 2940 1072 3007 praeterea
1102 2929 1250 2991 clari
1278 2930 1341 2990 in
1373 2929 1766 3006 philosophia
1795 2940 1857 2992 et
1886 2932 2156 3006 nobiles,
2202 2949 2239 2993 a
2270 2931 2390 3006 qui-

323 3016 439 3075 bus
473 3016 755 3076 omnibus
784 3032 908 3076 una
936 3031 1135 3090 paene
1169 3030 1326 3075 voce
1349 3016 1562 3089 repelli
1587 3024 1889 3077 oratorem
1910 3034 1948 3077 a
1969 3015 2400 3091 gubernaculis

324 3097 635 3160 civitatum
653 3143 667 3171 ,
713 3098 959 3158 excludi
987 3100 1065 3157 ab
1097 3098 1260 3159 omni
1291 3097 1569 3159 doctrina
1597 3116 1926 3175 rerumque
1954 3101 2252 3161 maiorum
2285 3098 2400 3159 sci-

323 3182 485 3242 entia
507 3198 581 3242 ac
604 3191 834 3243 tantum
860 3182 920 3242 in
946 3180 1172 3242 iudicia
1199 3191 1260 3242 et
1286 3182 1707 3243 contiunculas
1734 3194 2043 3259 tamquam
2064 3183 2127 3243 in
2151 3181 2404 3258 aliquod

322 3265 643 3341 pistrinum
676 3264 916 3327 detrudi
945 3273 1006 3326 et
1035 3264 1346 3341 compingi
1374 3265 1678 3328 videbam.
1733 3265 1835 3330 47.
1882 3268 2007 3328 Sed
2053 3284 2168 3342 ego
2201 3282 2405 3341 neque

322 3348 443 3409 illis
495 3348 886 3411 adsentiebar
940 3366 1144 3424 neque
1201 3349 1413 3409 harum
1471 3345 1949 3426 disputationum
2003 3347 2303 3412 inventori
2346 3365 2407 3410 et

324 3429 585 3508 principi
629 3436 810 3508 longe
852 3430 1119 3494 omnium
1150 3432 1211 3492 in
1243 3432 1507 3494 dicendo
1539 3433 1905 3509 gravissimo
1938 3443 1998 3496 et
2027 3432 2402 3512 eloquentis-

323 3513 510 3584 simo,
558 3515 822 3587 Platoni,
867 3515 1042 3576 cuius
1067 3524 1192 3576 tum
1223 3515 1482 3576 Athenis
1515 3534 1651 3578 cum
1685 3519 2025 3580 Charmada
2053 3515 2402 3590 diligentius

210 2167 305 2182 Ἀ
