2622 3908
694 224 839 304 Lm.
866 244 965 304 111.
1011 243 1158 303 CAP
1198 251 1442 305 ,zo—32.
1487 249 1538 310 s.
1564 253 1886 306 120-129.
2209 241 2330 307 173

257 393 500 472 copiam
530 394 750 471 gignit3
796 407 887 470 et,
928 395 982 456 si
1010 404 1107 456 est
1135 395 1429 457 honestas
1459 394 1519 455 in
1549 395 1736 455 rebus
1767 393 1957 471 ipsis,
1992 396 2071 456 de
2107 395 2327 471 quibus

254 479 505 549 dicitur,
555 478 797 541 exsistit
837 497 918 540 ex
959 495 1027 539 re
1072 479 1364 540 naturalis
1409 479 1657 555 quidam
1688 479 1984 554 splendor
2012 478 2072 538 in
2104 480 2326 541 verbis.

256 562 348 624 Sit
380 563 568 623 modo
603 561 690 636 is,
727 562 833 639 qui
869 563 1030 624 dicet
1056 572 1160 623 aut
1190 562 1445 637 scribet,
1480 561 1790 623 institutus
1822 561 2153 624 liberaliter
2180 565 2323 625 edu-

252 645 499 707 catione
538 646 942 722 doctrinaque
983 645 1203 722 puerili
1242 657 1303 707 et
1338 646 1555 721 flagret
1588 645 1791 706 studio
1822 655 1883 705 et
1911 662 1949 704 a
1977 655 2192 708 natura
2220 648 2323 708 ad·

252 729 496 791 iuvetur
527 730 674 791 etin
705 730 1137 792 universorum
1166 747 1461 805 generum
1491 727 1742 789 infinitis
1774 727 2325 804 disceptationibus

252 812 626 875 exercitatus
674 812 1100 876 ornatissimos
1152 813 1487 890 scriptores
1529 822 1929 887 oratoresque
1970 814 2050 872 ad
2095 829 2322 888 cogno-

254 897 552 958 scendum
575 895 1057 974 imitandumque
1080 897 1403 973 delegerit,
1461 910 1543 954 ne
1581 895 1682 956 ille
1711 896 1874 955 haud
1899 913 2078 969 sane,
2113 915 2322 971 quem-

136 994 149 1004 ·
249 981 583 1042 admodum
611 982 800 1041 verba
832 990 1023 1042 struat
1045 990 1105 1042 et
1131 980 1455 1055 illuminet,
1488 997 1527 1040 a
1547 978 1854 1055 magistris
1877 978 2013 1040 istis
2033 980 2322 1055 requiret.

253 1066 341 1124 lta
385 1062 574 1124 facile
607 1063 666 1124 in
707 1082 910 1125 rerum
950 1063 1326 1126 abundantia
1354 1065 1434 1124 ad
1473 1062 1767 1125 orationis
1800 1074 2156 1124 ornamenta
2190 1063 2324 1165 sine

252 1148 412 1208 duee
439 1154 658 1206 natura
687 1147 843 1222 ipsa,
879 1146 932 1207 si
963 1148 1149 1207 modo
1184 1155 1278 1208 est
1308 1148 1661 1220 exercitata,
1697 1150 2015 1211 delabitur.

419 1231 654 1292 XXXII.
700 1231 842 1294 126.
881 1231 993 1292 Hic
1025 1232 1302 1292 Catulus·
1339 1230 1412 1291 Di
1440 1231 1844 1303 immortaleS,
1872 1226 2097 1306 inquit,
2131 1249 2316 1306 quan·

253 1323 373 1376 tam
388 1331 593 1376 rerum
611 1314 981 1389 varietatem,
1009 1324 1295 1390 quantam
1307 1314 1451 1388 vim,
1479 1322 1767 1389 quantam
1791 1313 2050 1388 copiam,
2079 1315 2322 1389 Crasse,

251 1399 617 1473 complexus
634 1416 702 1459 es
721 1398 1091 1475 quantisque
1115 1416 1193 1459 ex
1212 1397 1513 1473 angustiis
1528 1407 1831 1459 oratorem
1847 1398 2115 1459 educere
2129 1415 2321 1460 ausus

251 1498 321 1542 es
352 1490 414 1542 et
442 1482 502 1541 in
531 1481 830 1544 maiorum
860 1500 1112 1544 suorum
1139 1499 1335 1558 regno
1365 1483 1700 1543 collocare!
1748 1482 2022 1558 Namque
2053 1481 2194 1543 illos
2215 1499 2320 1544 ve·

251 1574 414 1626 teres
444 1566 732 1627 doctores
763 1574 1174 1641 auctoresque
1202 1565 1451 1627 dicendi
1479 1568 1710 1628 nullum
1740 1583 1934 1641 genus
1959 1566 2321 1643 disputatio-

251 1649 349 1710 nis
379 1666 416 1708 a
447 1666 516 1710 se
544 1648 809 1711 alienum
838 1659 1094 1726 putasse
1123 1648 1479 1726 accepimus
1512 1665 1881 1726 semperque
1905 1666 2049 1711 esse
2071 1650 2129 1710 in
2158 1649 2320 1711 omni

249 1731 548 1794 orationis
589 1733 825 1794 ratione
866 1743 1170 1795 versatos.
1247 1730 1389 1795 127.
1444 1735 1537 1793 Ex
1583 1732 1805 1808 quibus
1841 1734 2026 1794 Eleus
2060 1733 2317 1808 Hippias

249 1833 440 1892 quum
471 1816 812 1894 Olympiam
846 1818 1126 1877 venisset
1155 1816 1419 1876 maxima
1453 1815 1555 1875 illa
1592 1815 2030 1891 quinquennali
2067 1815 2310 1876 celebri-

247 1910 371 1963 tate
415 1901 727 1978 ludorum,
773 1900 1067 1978 gloriatus
1106 1908 1201 1962 est
1242 1910 1462 1962 cuncta
1500 1915 1698 1976 paene
1741 1899 2025 1960 audiente
2066 1898 2315 1964 Graecia

248 1982 394 2045 nihil
419 2002 561 2045 esse
584 1986 708 2045 ulla
730 1984 789 2045 in
821 1995 949 2045 arte
978 2002 1181 2046 rerum
1212 1984 1481 2045 omnium
1513 1985 1679 2060 quod
1708 1982 1846 2059 ipse
1875 1982 2171 2053 nesciret3
2206 2001 2319 2044 nec

247 2070 450 2129 solum
484 2068 598 2128 has
630 2077 827 2143 artes,
877 2068 1099 2144 quibus
1136 2068 1421 2131 liberales
1453 2066 1766 2130 doctrinae
1802 2074 1987 2143 atque
2017 2066 2318 2141 ingenuae

248 2150 725 2226 continerentur,
754 2153 1168 2228 geometriam,
1198 2150 1513 2225 musicam,
1542 2151 1875 2214 litterarum
1906 2149 2317 2226 cognitionem

246 2244 306 2298 et
335 2239 653 2311 poetarum
684 2246 869 2311 atque
899 2237 1031 2310 illa,
1069 2253 1229 2312 quae
1259 2239 1339 2297 de
1370 2235 1603 2298 naturis
1632 2251 1865 2308 rerum,
1911 2251 2071 2311 quae
2100 2236 2178 2295 de
2210 2235 2317 2296 ho-

247 2318 475 2380 minum
506 2318 806 2391 moribuS‚
844 2337 1004 2395 quae
1034 2321 1113 2381 de
1140 2321 1327 2382 rebus
1352 2318 1615 2397 publicis
1639 2318 2002 2393 dicerentur,
2033 2319 2146 2380 sed
2170 2335 2318 2379 anu·

247 2405 400 2475 ium,
448 2420 631 2479 quem
665 2403 946 2477 haberet,
993 2406 1268 2479 pallium,
1313 2424 1436 2481 quo
1469 2404 1755 2475 amictuS,
1803 2420 2059 2474 soccoS‚
2095 2401 2319 2478 quibus

244 2484 497 2548 indutus
531 2496 717 2560 esset,
740 2486 851 2559 [se]
871 2504 982 2547 sua
1012 2505 1197 2548 manu
1231 2490 1599 2550 confecisse.
1672 2487 1812 2550 128.
1858 2487 2105 2549 Scilicet
2140 2485 2318 2547 nimis

245 2569 344 2630 hic
390 2569 639 2646 quidem
679 2579 776 2632 est
812 2587 1212 2645 progressus,
1260 2571 1374 2631 sed
1417 2589 1496 2632 ex
1538 2589 1614 2632 eo
1654 2571 1794 2647 ipso
1836 2580 1932 2632 est
1966 2571 2320 2634 coniectura

246 2651 479 2727 saciliS,
526 2664 813 2729 quantum
851 2653 968 2714 sibi
1001 2654 1082 2714 illi
1120 2663 1397 2716 oratores
1434 2657 1512 2715 de
1548 2652 2055 2729 praeclarissimis
2089 2657 2320 2716 artibus

245 2737 643 2812 appetierint,
675 2736 780 2814 qui
811 2754 888 2797 ne
918 2737 1295 2800 sordidiores
1329 2736 1575 2814 quidem
1603 2735 1997 2812 repudiarint.
2054 2738 2208 2811 Quid
2241 2739 2320 2797 de

242 2820 506 2881 Prodico
551 2822 704 2892 Ceo,
764 2822 843 2882 de
883 2822 1341 2901 Thrasymacho
1383 2818 1824 2892 Calchedoni0‚
1871 2820 1949 2881 de
1986 2820 2317 2896 Protagora

243 2903 542 2965 Abderita
577 2907 841 2980 loquar?
886 2922 1146 2979 quorum
1180 2924 1340 2968 unus
1373 2904 1637 2983 quisque
1670 2902 1995 2980 plurimum
2030 2903 2317 2980 tempori-

243 2988 363 3047 bus
394 2986 515 3048 illis
545 2987 724 3049 etiam
757 2990 834 3049 de
867 2997 1080 3051 natura
1108 3008 1311 3052 rerum
1343 2999 1404 3050 et
1434 2988 1726 3050 disseruit
1754 2998 1815 3051 et
1843 2988 2111 3065 scripsit.
2179 2988 2319 3050 129.

244 3071 391 3146 lpse
434 3069 535 3131 ille
568 3071 903 3134 Leontinus
947 3073 1235 3150 Gorgias,
1284 3089 1408 3150 quo
1449 3084 1742 3149 patrono,
1787 3082 1854 3134 ut
1894 3073 2062 3135 Plato
2106 3070 2318 3145 voluit,

245 3152 623 3231 philosopho
657 3155 980 3218 succubuit
1009 3166 1244 3227 orator,
1280 3157 1385 3232 qui
1415 3166 1664 3218 autnon
1691 3166 1786 3218 est
1806 3155 2006 3218 victus
2029 3173 2318 3231 umquam

242 3255 280 3299 a
315 3237 573 3300 Socrate
616 3256 822 3316 neque
866 3257 1067 3301 sermo
1115 3241 1215 3302 ille
1245 3239 1514 3302 Platonis
1556 3257 1742 3300 verus
1787 3247 1885 3302 est
1953 3249 2087 3312 aut,
2136 3238 2190 3300 si
2225 3250 2321 3300 est

237 3322 504 3397 {victus}
527 3325 914 3399 eloquentior
941 3323 1228 3385 videlieet
1257 3323 1369 3386 fuit
1397 3334 1456 3385 et
1485 3322 1770 3385 disertior
1800 3324 2089 3386 Socrates
2117 3334 2209 3395 et,
2256 3335 2320 3384 ut

239 3416 310 3467 tu
350 3408 667 3482 appellas,
714 3407 1033 3484 copiosior
1073 3417 1133 3469 et
1173 3410 1389 3470 melior
1430 3415 1636 3468 orator
1674 3430 1789 3463 -ε
1836 3409 1948 3468 sed
1989 3406 2088 3468 hic
2115 3407 2178 3468 in
2213 3405 2318 3469 illo

242 3488 383 3565 ipso
398 3489 670 3552 Platonis
691 3490 847 3592 libro
870 3493 948 3552 de
972 3490 1134 3554 omni
1160 3509 1244 3565 re,
1275 3506 1705 3567 quaecumque
1726 3489 1786 3574 in
1812 3489 2317 3567 disceptationem
