2622 3908
295 247 378 307 96
1072 244 1170 302 DE
1211 243 1573 304 ORATORE

293 415 450 458 rare.
505 398 710 471 Atque
749 396 903 456 inter
943 396 1106 455 hunc
1146 393 1569 467 Aristotelem,
1614 392 1789 454 cuius
1832 402 1893 455 et
1933 391 2101 454 illum
2140 391 2261 469 legi
2288 392 2354 453 li-

296 483 500 555 brum,
531 479 589 538 in
623 495 747 555 quo
778 476 1067 553 exposuit
1096 476 1341 537 dicendi
1372 486 1535 539 artes
1558 477 1827 537 omnium
1851 475 2269 553 superiorum,
2299 491 2357 538 et

296 565 464 637 illos,
507 561 569 622 in
617 561 838 638 quibus
881 559 1019 636 ipse
1062 577 1177 621 sua
1220 562 1524 636 quaedam
1564 561 1642 620 de
1671 561 1886 620 eadem
1914 568 2043 621 arte
2072 558 2251 634 dixit,
2297 570 2358 621 et
2382 562 2389 570 ’”

296 647 411 707 hos
434 660 766 721 ¹germanos
801 643 983 704 huius
1012 645 1157 705 artis
1186 643 1542 719 magistros,
1587 643 1711 704 hocv
1737 643 1883 703 mihi
1911 642 2113 705 visum
2144 651 2238 705 est
2266 642 2356 704 in-

298 738 559 801 teresse,
605 728 776 804 quod
818 725 919 787 ille
962 728 1179 787 eadem
1221 726 1355 786 acie
1395 725 1644 802 mentiS,
1688 744 1810 802 qua
1850 743 2054 787 rerum
2090 726 2355 788 omnium

212 866 216 870 .
298 811 418 872 vim
446 821 846 887 naturamque
881 810 1140 879 viderat,
1187 810 1341 869 haec
1374 827 1623 886 quoque
1654 809 1925 886 aspexit,
1970 827 2132 886 quae
2158 811 2240 870 ad
2268 810 2357 870 di-

297 895 476 957 cendi
504 905 722 967 artem,
770 909 954 969 quam
980 892 1081 953 ille
1111 892 1523 968 despiciebat,
1572 892 1985 968 pertinebant:
2017 892 2104 953 illi
2134 902 2356 968 autem,

298 978 401 1054 qui
441 980 560 1040 hoc
604 978 804 1038 solum
848 977 1171 1037 colendum
1217 977 1550 1049 ducebant,
1597 976 1944 1038 habitarunt
1983 975 2044 1036 in
2087 978 2204 1037 hac
2235 993 2359 1037 una

297 1061 530 1123 ratione
570 1060 917 1133 tractanda,
960 1075 1083 1120 non
1115 1059 1331 1120 eadem
1359 1060 1711 1136 prudentia,
1758 1077 1882 1136 qua
1922 1059 2054 1134 ille,
2098 1062 2211 1121 sed
2237 1077 2358 1121 usu

295 1145 355 1206 in
398 1146 517 1206 hoc
559 1161 682 1205 uno
725 1159 949 1218 genere
990 1141 1321 1218 studioque
1363 1143 1620 1204 maiore.
1684 1142 1825 1205 161.
1871 1143 2166 1204 Carneadi
2211 1160 2357 1204 vero

298 1228 392 1289 vis
422 1226 796 1289 incredibilis
824 1226 927 1286 illa
956 1225 1202 1287 dicendi
1232 1235 1293 1288 et
1325 1225 1586 1288 varietas
1617 1243 1913 1303 perquam
1943 1235 2112 1288 esset
2141 1236 2352 1303 optan-

295 1314 374 1372 da
417 1311 627 1383 nobis;
675 1309 780 1386 qui
821 1311 1047 1370 nullam
1090 1327 1382 1386 umquam
1423 1312 1484 1370 in
1528 1310 1645 1370 illis
1678 1310 1807 1372 suis
1838 1309 2357 1386 disputationibus

293 1412 422 1455 rem
451 1393 748 1466 defendit,
785 1411 970 1468 quam
1000 1411 1122 1454 non
1146 1393 1450 1468 probarit3
1483 1395 1708 1454 nullam
1734 1393 2139 1469 oppugnavit,
2173 1411 2354 1470 quam

293 1495 417 1539 non
446 1475 747 1538 everterit.
810 1476 936 1536 Sed
967 1475 1088 1537 hoc
1116 1476 1313 1538 maius
1343 1485 1440 1537 est
1469 1476 1779 1552 quiddam,
1811 1494 1993 1552 quam
2023 1478 2100 1538 ab
2124 1476 2220 1552 iis,
2252 1475 2360 1552 qui

182 1646 191 1653 .
291 1561 444 1620 haec
472 1561 718 1621 tradunt
747 1566 808 1620 et
835 1559 1087 1633 docent,
1132 1560 1566 1635 postulandum
1596 1559 1693 1621 sit.

457 1644 720 1705 XXXIX.
767 1640 909 1703 162.
952 1642 1083 1717 Ego
1128 1651 1364 1719 autem,
1410 1643 1464 1704 si
1508 1660 1692 1719 quem
1734 1660 1897 1705 nunc
1922 1644 2137 1703 rudem
2176 1644 2363 1717 plane

290 1726 521 1789 institui
552 1727 633 1787 ad
667 1724 997 1786 dicendum
1024 1725 1236 1800 velim,
1284 1725 1382 1788 his
1418 1727 1625 1803 potius
1655 1728 1889 1789 tradam
1919 1726 2199 1788 adsiduis
2229 1743 2355 1787 uno

293 1828 482 1888 opere
523 1811 800 1870 eamdem
843 1808 1127 1871 incudem
1173 1809 1335 1871 diem
1378 1817 1745 1886 noctemque
1774 1809 2199 1886 tundentibuS,
2252 1809 2358 1886 qui

293 1911 507 1957 omnes
538 1892 931 1957 tenuissimas
962 1893 1293 1970 particulas
1323 1902 1509 1971 atque
1539 1894 1744 1956 omnia
1773 1894 2021 1956 minima
2050 1910 2266 1954 mansa
2291 1902 2357 1954 ut

293 1978 558 2040 nutrices
601 1978 936 2040 infantibus
978 1977 1186 2054 pueris
1217 1977 1277 2038 in
1313 1996 1385 2040 os
1416 1979 1704 2041 inserant.
1785 1979 1892 2040 Sin
1924 1978 2003 2041 sit
2029 1978 2116 2053 is,
2164 1977 2269 2054 qui
2297 1985 2359 2038 et

291 2060 568 2124 doctrina
595 2062 741 2122 mihi
773 2062 1101 2123 liberaliter
1129 2061 1439 2125 institutus
1469 2072 1530 2124 et
1557 2062 1763 2139 aliquo
1795 2061 1917 2123 iam
1949 2062 2216 2123 imbutus
2236 2078 2360 2122 usu

292 2156 351 2207 et
393 2146 542 2207 satis
585 2145 712 2206 acri
755 2144 1000 2221 ingenio
1045 2162 1190 2207 esse
1237 2144 1539 2219 videatur,
1585 2146 1728 2207 illuc
1770 2163 1910 2208 eum
1944 2144 2205 2222 rapiam,
2251 2144 2360 2205 ubi

293 2243 414 2290 non
459 2230 704 2289 seclusa
743 2228 950 2303 aliqua
991 2230 1220 2304 aquula
1265 2238 1570 2305 teneatur,
1627 2230 1740 2291 sed
1792 2232 1956 2291 unde
2000 2228 2359 2290 universum

289 2312 518 2372 flumen
550 2319 858 2387 erumpat3
892 2311 998 2386 qui
1027 2310 1112 2372 illi
1143 2314 1328 2373 sedes
1354 2322 1414 2373 et
1437 2311 1616 2387 quasi
1640 2311 1947 2374 domicilia
1968 2311 2235 2375 omnium
2261 2329 2358 2371 ar-

289 2402 716 2472 gumentorum
758 2404 1195 2457 commonstret
1237 2403 1298 2457 et
1338 2412 1414 2460 ea
1443 2394 1710 2457 breviter
1738 2397 1995 2458 illustret
2022 2395 2362 2471 verbisque

290 2477 558 2539 definiat.
630 2476 772 2539 163.
829 2477 985 2549 Quid
1025 2478 1186 2539 enim
1230 2487 1356 2550 est,
1398 2480 1458 2540 in
1506 2496 1629 2554 quo
1671 2480 1952 2552 haereat,
1996 2477 2101 2551 qui
2135 2478 2363 2539 viderit

291 2574 504 2631 omne,
551 2562 721 2634 quod
762 2570 1038 2623 sumatur
1079 2562 1141 2623 in
1185 2562 1464 2623 oratione
1502 2563 1890 2637 probandum
1940 2572 2049 2624 aut
2075 2565 2364 2625 refellen-

290 2643 464 2714 dum,
518 2650 625 2704 aut
675 2661 753 2705 ex
803 2663 919 2707 sua
967 2644 1127 2706 sumi
1170 2645 1228 2705 vi
1268 2654 1457 2722 atque
1496 2654 1713 2707 natura
1753 2653 1858 2705 aut
1898 2641 2138 2708 adsumi
2169 2646 2365 2707 roris?

289 2726 382 2785 Ex
427 2742 542 2787 sua
595 2726 691 2799 vi,
744 2747 932 2804 quum
967 2738 1076 2790 aut
1131 2746 1233 2789 res
1293 2746 1455 2802 quae
1510 2730 1591 2789 sit
1651 2737 1778 2790 tota
1837 2739 2195 2805 quaeratur,
2256 2741 2368 2794 aut

290 2826 435 2885 pars
466 2809 601 2871 eius
631 2820 737 2871 aut
763 2814 1132 2872 vocabulum
1162 2813 1329 2887 quod
1361 2811 1581 2872 habeat
1610 2822 1715 2873 aut
1745 2810 2094 2889 quippiam,
2125 2828 2256 2872 rem
2287 2811 2362 2872 il-

289 2893 409 2952 lam
443 2894 611 2967 quod
638 2891 920 2968 attingat:
966 2894 1349 2956 extrinsecus
1378 2905 1608 2969 autem,
1656 2912 1841 2971 quum
1870 2913 1976 2971 ea,
2026 2911 2186 2971 quae
2216 2907 2366 2956 sunt

290 2973 441 3035 foris
470 2991 674 3051 neque
701 2975 1020 3037 inhaerent
1047 2976 1109 3036 in
1136 2976 1227 3037 rei
1255 2985 1502 3052 natura,
1538 2977 1923 3054 colliguntur.
1988 2976 2126 3041 164.
2161 2977 2226 3038 Si
2254 2995 2363 3039 res

290 3064 415 3118 tota
499 3056 839 3130 quaeritur,
901 3059 1256 3119 definitione
1303 3058 1597 3121 universa
1662 3062 2030 3138 explicanda
2061 3070 2182 3134 est,
2232 3061 2356 3121 sici

290 3140 355 3201 Si
400 3141 690 3202 maiestas
734 3149 831 3202 est
873 3140 1206 3217 amplitudo
1251 3160 1325 3204 ac
1355 3142 1617 3219 dignitas
1650 3144 1943 3219 civitatiS‚
1989 3144 2042 3205 is
2073 3162 2209 3206 eam
2247 3144 2363 3204 mi-

288 3223 434 3300 nuit,
465 3224 570 3301 qui
599 3224 934 3286 exercitum
964 3224 1245 3287 hostibus
1274 3226 1490 3303 populi
1518 3227 1776 3289 Romani
1802 3227 2066 3302 tradidit,
2098 3246 2224 3290 non
2252 3228 2365 3304 qui
2443 3229 2448 3236 ’

286 3324 457 3384 eum,
491 3307 596 3385 qui
625 3307 689 3368 id
719 3308 999 3384 fecisset,
1029 3309 1245 3385 populi
1272 3310 1532 3371 Romani
1562 3311 1851 3386 potestati
1878 3310 2142 3374 tradidit.
2211 3310 2362 3374 165.

287 3389 395 3449 Sin
440 3408 585 3466 pars
629 3391 981 3468 partitione,
1025 3392 1145 3454 hoc
1187 3395 1405 3455 modo:
1444 3396 1569 3455 Aut
1610 3394 1847 3457 senatui
1890 3397 2234 3472 parendum
2275 3396 2363 3455 de

295 3473 490 3532 salute
530 3473 619 3533 rei
663 3474 944 3547 publicae
976 3475 1082 3536 fuit
1111 3485 1211 3537 aut
1241 3477 1405 3538 aliud
1437 3476 1756 3539 consilium
1786 3477 2223 3541 instituendum
2250 3489 2364 3539 aut
