2622 3908
692 235 835 294 Ltss.
860 235 962 293 111.
1003 234 1166 294 CAP.
1192 244 1460 295 22—24.
1503 240 1556 300 §-
1577 242 1844 297 83—92.
2189 233 2309 296 165

236 389 517 458 modum,
564 395 783 448 cantat.
855 386 965 446 Est
1008 384 1167 445 enim
1208 385 1680 461 paterfamiliaS,
1731 397 1827 446 est
1860 403 2057 461 eques
2086 387 2296 447 Roma·

236 488 385 531 nus:
426 486 579 545 puer
611 468 825 529 didicit
858 469 1026 542 quod
1057 468 1421 530 discendum
1456 468 1586 530 fuit.
1647 470 1879 530 Eadem
1908 468 2063 530 ratio
2088 479 2184 531 est
2206 471 2308 529 ha·

236 572 369 615 rum
392 552 610 613 artium
632 551 1051 613 maximarum.
1108 551 1254 613 Dies
1286 562 1347 614 et
1372 563 1588 615 noctes
1614 551 1807 614 virum
1828 571 2067 614 summa
2091 552 2309 615 virtute

235 649 298 698 et
339 635 662 712 prudentia
705 634 1097 709 videbamuS,
1154 636 1530 713 philosopho
1588 655 1775 712 quum
1819 654 2074 712 operam
2117 639 2311 712 daret,

236 721 305 795 Q.
336 721 719 780 Tuberonem
801 725 876 780 At
910 719 1043 780 eius
1076 723 1444 781 avunculum
1474 720 1580 781 vix
1609 719 1980 795 intelligeres
2012 720 2074 779 id
2104 738 2306 795 agere,

237 822 426 880 quum
456 813 669 877 ageret
694 813 925 872 tamen,
960 802 1337 864 Africanum.
1395 807 1521 865 Ista
1548 803 1869 865 discuntur
1899 803 2109 876 facile,
2152 804 2207 864 si
2250 812 2310 864 et

237 898 466 949 tantum
496 904 741 962 sumaS,
774 898 1064 962 quantum
1096 904 1255 963 opus
1287 888 1394 960 sit,
1427 898 1488 949 et
1513 890 1745 949 habeas
1775 885 1879 962 qui
1904 888 2132 948 docere
2156 888 2306 946 fide-

237 971 373 1031 liter
400 970 605 1046 possit
632 979 693 1031 et
722 970 886 1030 scias
916 971 1097 1032 etiam
1126 971 1265 1047 ipse
1295 971 1557 1034 discere.
1616 971 1718 1034 88.
1764 970 1889 1032 Sed
1932 969 1987 1031 si
2028 979 2154 1032 tota
2180 969 2307 1031 ‚vita

238 1054 384 1115 nihil
426 1053 581 1114 velis
627 1054 793 1115 aliud
824 1071 1039 1130 agere,
1082 1055 1221 1130 ipsa
1257 1057 1531 1116 tractatio
1563 1067 1623 1117 et
1654 1053 1935 1129 quaestio
1969 1053 2197 1116 cotidie
2227 1071 2306 1114 ex

238 1156 308 1200 se
338 1137 529 1213 gignit
557 1137 819 1214 aliquid,
857 1139 1025 1213 quod
1055 1155 1193 1199 cum
1225 1138 1543 1200 desidiosa
1574 1137 1982 1200 delectatione
2014 1138 2304 1213 vestiges,

238 1225 326 1283 lta
353 1223 451 1294 fit,
481 1233 547 1282 ut
575 1221 821 1302 agitatio
857 1238 1061 1283 rerum
1090 1222 1169 1283 sit
1197 1221 1462 1296 infinita,
1494 1222 1761 1297 cognitio
1800 1221 2028 1295 facilis,
2068 1221 2121 1283 si
2153 1240 2303 1282 usus

238 1307 577 1367 doctrinam
618 1307 965 1379 confirmet,
1019 1304 1349 1366 mediocris
1403 1323 1594 1382 opera
1639 1306 1961 1378 tribuatur,
2010 1305 2303 1367 memoria

237 1389 630 1465 studiumque
675 1399 1045 1465 permaneat.
1103 1388 1279 1451 Libet
1321 1400 1524 1451 autem
1568 1408 1813 1467 semper
1841 1390 2113 1462 discere;
2157 1400 2222 1451 ut
2251 1389 2303 1450 si

237 1473 418 1533 velim
460 1491 575 1548 ego
608 1472 743 1535 talis
776 1472 1003 1549 optime
1032 1474 1243 1534 lude're
1274 1485 1380 1535 aut
1411 1473 1574 1551 pilae
1605 1474 1805 1536 studio
1838 1483 2077 1545 tenear,
2123 1474 2302 1536 etiam

234 1559 533 1630 sortasse,
578 1557 630 1618 si
661 1556 924 1632 adsequi
954 1575 1076 1619 non
1108 1557 1376 1633 possim;
1425 1568 1487 1619 at
1515 1558 1645 1632 alii,
1694 1558 1839 1636 quia
1868 1561 2183 1635 praeclare
2218 1561 2302 1619 la-

236 1640 428 1711 ciunt,
483 1640 936 1715 vehementiuS,
979 1659 1162 1717 quam
1204 1659 1396 1703 causa
1429 1645 1730 1719 postulat,
1782 1645 2193 1717 delectantur,
2241 1658 2301 1705 ut

231 1725 424 1785 Titius
457 1724 609 1801 pila,
645 1726 851 1785 Brulla
878 1723 1035 1786 talis.
1101 1725 1203 1787 89.
1249 1726 1449 1799 Quare
1485 1725 1630 1786 nihil
1661 1737 1757 1787 est
1781 1728 1951 1801 quod
1974 1726 2300 1801 quisquam

233 1808 713 1884 magnitudinem
760 1810 976 1870 artium
1006 1826 1086 1869 ex
1117 1826 1226 1881 eo,
1275 1810 1444 1884 quod
1477 1825 1660 1869 senes
1693 1808 1966 1882 discunt,
2018 1809 2300 1886 pertime-

235 1904 386 1953 scat.
448 1893 723 1970 Namque
768 1901 873 1954 aut
915 1909 1099 1954 senes
1136 1893 1216 1952 ad
1250 1909 1359 1952 eas
1408 1900 1805 1953 accesserunt
1847 1902 1951 1953 aut
1987 1909 2187 1968 usque
2221 1894 2300 1951 ad

235 1986 612 2038 senectutem
658 1977 720 2038 in
765 1976 984 2038 studiis
1027 1977 1372 2038 detinentur
1412 1987 1516 2038 aut
1560 1988 1702 2038 sunt
1743 1975 2094 2038 tardissimi.
2175 1979 2298 2037 Res

235 2059 484 2136 quidem
529 2078 598 2122 se
644 2079 781 2123 mea
811 2059 1113 2122 sententia
1147 2060 1237 2121 sic
1266 2061 1482 2137 habet,
1525 2072 1619 2133 ut,
1667 2059 1785 2120 nisi
1831 2061 1999 2136 quod
2035 2059 2301 2136 quisque

234 2143 353 2205 cito
399 2147 695 2221 potuerit,
743 2162 1073 2221 numquam
1117 2144 1364 2206 omnino
1409 2144 1610 2221 possit
1646 2143 2019 2221 perdiscere.
2085 2146 2299 2204 XXIV.

231 2228 332 2289 90.
378 2229 533 2301 lam,
567 2227 719 2303 iam,
749 2228 946 2305 inquit
974 2229 1252 2300 Catulus,
1283 2228 1585 2305 intelligo,
1620 2231 1869 2301 Crasse,
1910 2229 2060 2304 quid
2092 2227 2298 2301 dicas;

234 2319 293 2372 et
325 2311 573 2373 hercule
602 2314 934 2374 adsentior.
996 2312 1159 2374 Satis
1190 2312 1375 2374 video
1420 2312 1525 2374 tibi
1561 2311 1791 2374 homini
1824 2314 1904 2373 ad
1939 2312 2298 2388 perdiscen-

232 2396 377 2455 dum
426 2398 722 2457 acerrimo
753 2397 835 2458 ad
876 2414 951 2458 ea
983 2399 1455 2472 cognoscenda,
1498 2415 1658 2474 quae
1693 2396 1881 2471 dicis,
1924 2397 2118 2458 fuisse
2149 2406 2297 2458 tem-

229 2477 423 2554 poris.
479 2479 802 2555 Pergisne,
851 2479 1048 2555 inquit
1078 2480 1370 2552 CrassuS,
1419 2498 1549 2555 me,
1598 2499 1757 2558 quae
1788 2482 2016 2554 dicam,
2065 2483 2144 2543 de
2179 2498 2297 2555 me,

225 2579 358 2623 non
404 2563 481 2623 de
522 2580 589 2624 re
637 2575 851 2638 putare
882 2563 1131 2625 dicere?
1196 2563 1324 2625 Sed
1357 2562 1508 2639 iam,
1550 2564 1604 2625 si
1637 2567 1869 2640 placet,
1914 2566 1995 2625 ad
2025 2564 2296 2628 instituta

229 2646 578 2707 redeamus.
632 2647 780 2708 Mihi
817 2665 995 2721 vero,
1033 2647 1281 2709 Catulus
1314 2646 1540 2723 inquit,
1575 2650 1796 2723 placet.

397 2729 499 2791 91.
542 2732 691 2793 Tum
727 2732 1019 2792 crassusz
1055 2732 1360 2806 Quorsum
1391 2730 1571 2807 igitur
1600 2731 1754 2791 haec
1780 2738 2048 2806 spectat,
2080 2729 2294 2806 inquit,

228 2823 350 2875 tam
395 2815 581 2889 longa
624 2824 685 2876 et
723 2825 845 2877 tam
893 2818 1013 2877 alte
1052 2815 1313 2891 repetita
1354 2814 1592 2876 oratio?
1682 2816 1812 2875 Hae
1856 2815 2016 2874 duae
2065 2824 2292 2890 parteS,

228 2914 390 2974 quae
433 2898 576 2959 mihi
619 2910 981 2975 supersunt,
1036 2898 1433 2961 illustrandae
1487 2898 1780 2961 orationis
1825 2915 1897 2959 ac
1943 2898 2127 2959 totius
2170 2900 2293 2960 elo-

227 2980 516 3057 quentiae
562 2984 994 3057 cumulandae,
1049 3001 1305 3059 quarum
1347 2986 1538 3045 altera
1578 2982 1699 3044 dici
1744 2983 2016 3060 postulat
2063 2993 2294 3058 ornate,

225 3068 420 3126 altera
451 3076 623 3142 apte,
656 3068 814 3127 hanc
843 3067 1071 3127 habent
1097 3068 1252 3141 vim,
1283 3079 1352 3129 ut
1380 3066 1460 3129 sit
1488 3085 1672 3144 quam
1707 3065 1971 3129 maxime
2005 3066 2292 3140 iucunda,

225 3166 412 3225 quam
444 3148 706 3211 maxime
736 3152 796 3211 in
834 3168 1058 3212 sensus
1088 3167 1321 3223 eorum,
1355 3150 1461 3227 qui
1483 3152 1755 3224 audiunt,
1789 3150 2005 3211 influat
2027 3161 2089 3211 et
2111 3168 2293 3226 quam

224 3231 503 3308 plurimis
553 3233 633 3294 sit
671 3235 855 3296 rebus
905 3233 1218 3295 instructa.
1280 3234 1382 3296 92.
1427 3235 1895 3297 Instrumentum
1937 3243 2140 3295 autem
2175 3234 2295 3296 hoc

224 3317 507 3390 forense,
539 3316 896 3392 litigiosum,
932 3334 1106 3391 acre,
1138 3328 1393 3380 tractum
1424 3336 1503 3379 ex
1537 3319 1699 3393 vulgi
1732 3315 2126 3393 opinionibus
2163 3316 2289 3379 exi-

222 3418 413 3475 guum
446 3417 724 3476 saneque
755 3401 1101 3463 mendicum
1137 3410 1251 3463 est.
1316 3403 1472 3463 Illud
1495 3418 1706 3462 rursus
1731 3400 1952 3478 ipsum,
1984 3404 2152 3476 quod
2176 3411 2292 3462 tra-

223 3485 377 3545 dunt
408 3483 544 3547 isti.
579 3484 684 3549 uui
713 3486 1073 3561 profitentur
1108 3503 1177 3546 se
1213 3484 1456 3546 dicendi
1486 3483 1844 3561 magistros,
1889 3504 2011 3548 non
2045 3491 2293 3550 multum
