2622 3908
335 214 427 318 ‘os
1121 257 1221 317 DE
1259 256 1621 318 ossA‘roRE

347 415 480 466 orta
515 407 593 466 de
623 405 856 467 causis:
904 406 968 467 Si
1010 407 1227 467 aerarii
1262 407 1461 484 copiis
1492 418 1552 469 et
1579 408 1659 468 ad
1687 406 1831 467 belli
1861 408 2212 470 adiumenta
2238 412 2416 471 etad

347 488 702 550 ornamenta
745 484 919 565 pac'is
949 488 1200 564 utimur,
1237 491 1647 566 vectigalibus
1679 489 2038 553 serviamus.
2094 489 2235 554 172.
2278 493 2415 554 Ma—

342 568 477 634 iora
506 576 708 634 autem
739 582 800 634 et
820 572 1055 633 minora
1078 582 1139 635 et
1160 574 1331 649 paria
1354 573 1843 649 comparabimus
1868 570 1988 634 sic=
2031 593 2111 636 ex
2144 575 2415 638 maioreae

346 655 409 716 Si
453 655 618 716 bona
658 655 1025 717 existimatio
1070 656 1294 717 divitiis
1330 667 1600 732 praestat
1626 662 1694 718 ‘et
1720 657 1983 733 pecunia
2019 667 2182 720 tanto
2216 677 2416 736 opere

347 738 680 814 expetitur,
727 747 954 814 quanto
984 739 1178 814 gloria
1206 739 1401 814 magis
1431 750 1526 802 est
1553 743 1932 816 expetenda!
1977 759 2058 803 ex
2087 741 2352 804 minore.

833 825 952 884 Hic
979 841 1213 898 parvae
1239 826 1676 885 consuetudinis

431 908 626 967 Causa
652 908 828 968 huius
855 916 1094 968 mortem
1121 917 1238 968 tam
1271 911 1401 981 fert
1413 909 1804 980 familiariter
1818 930 1837 967 :

431 990 590 1062 Quid
613 994 669 1052 si
691 995 818 1068 ipse
846 989 1144 1051 amasset?
1183 993 1332 1066 quid
1361 993 1459 1051 llic
1485 993 1632 1052 milei
1648 994 1843 1065 saciet
1856 989 2070 1068 patri?

346 1073 434 1132 Ex
482 1071 642 1144 pari:
701 1074 812 1132 Est
864 1071 1139 1131 eiusdem
1193 1077 1253 1130 et
1296 1073 1536 1147 eripere
1583 1079 1643 1132 et
1687 1084 1902 1136 contra
1939 1091 2068 1135 rem
2098 1075 2410 1149 publicam

344 1154 549 1230 largiri
595 1152 912 1232 pecunias.
983 1153 1122 1217 173.
1182 1156 1358 1217 Foris
1400 1165 1601 1217 autem
1643 1158 2044 1239 adsumuntur
2084 1174 2189 1230 ea,
2245 1175 2410 1233 quae

345 1256 467 1300 non
499 1255 614 1299 sua
641 1237 735 1313 vi,
780 1240 894 1300 sed
923 1247 1213 1300 extranea
1243 1242 1669 1314 sublevantur,
1715 1250 1778 1302 ut
1805 1241 1986 1301 haec=
2031 1243 2163 1300 Hoc
2191 1257 2407 1303 verum

345 1330 469 1392 est3
515 1321 670 1382 dixit
711 1321 872 1383 enim
916 1322 982 1396 Q.
1026 1323 1321 1384 Lutatius.
1392 1326 1527 1385 Hoc
1567 1326 1786 1384 salsum
1828 1332 1951 1396 est;
1996 1324 2202 1383 habita
2243 1324 2406 1386 enim

346 1404 626 1480 quaestio
673 1415 785 1465 est.
855 1407 989 1466 Hoc
1032 1404 1211 1481 sequi
1254 1424 1516 1467 necesse
1559 1415 1681 1478 est;
1726 1406 1916 1467 recito
1955 1405 2114 1467 enim
2141 1408 2406 1469 tabulas·

343 1488 433 1546 De
479 1503 602 1561 quo
645 1503 869 1561 genere
916 1496 1040 1548 toto
1085 1489 1289 1562 paullo
1321 1498 1462 1550 ante
1493 1489 1636 1550 dixi.
1724 1491 1870 1550 XLI.
1918 1488 2058 1552 174.
2099 1491 2298 1562 Haec,
2343 1499 2407 1552 ut

344 1569 706 1630 brevissime
749 1569 870 1629 dici
912 1580 1269 1645 potuerunt,
1313 1573 1396 1633 ita
1435 1588 1473 1631 a
1511 1590 1609 1633 me
1640 1572 1802 1634 dicta
1835 1581 1994 1634 sunt.
2051 1573 2129 1634 Ut
2159 1573 2320 1634 enim
2352 1575 2404 1635 si

344 1668 559 1714 aurum
588 1652 717 1724 cui,
752 1654 920 1728 quod
948 1662 1117 1714 esset
1139 1654 1522 1716 multifariam
1545 1657 1893 1728 defossum,
1925 1668 2407 1718 commonstrare

346 1738 594 1810 vellem,
631 1735 781 1798 satis
810 1753 954 1798 esse
982 1738 1262 1809 deberet,
1311 1737 1366 1799 si
1395 1738 1572 1813 signa
1599 1748 1661 1800 et
1689 1751 1865 1800 notas
1895 1741 2284 1801 ostenderem
2317 1743 2405 1802 lo-

344 1839 585 1888 corum,
634 1819 858 1895 quibus
896 1819 1154 1896 cognitis
1186 1821 1324 1897 ipse
1355 1823 1469 1883 sibi
1503 1824 1738 1884 foderet
1766 1832 1826 1883 et
1853 1821 1946 1896 id,
1992 1824 2158 1900 quod
2201 1825 2402 1898 vellet,

337 1906 537 1982 parv‘o
559 1905 793 1980 labore,
831 1906 999 1966 nullo
1031 1919 1262 1976 errore,
1290 1911 1610 1976 inveniret,
1642 1904 1733 1965 sic
1764 1919 1920 1977 quas
1951 1918 2068 1978 ego
2096 1915 2412 1975 argumen-

340 1995 539 2050 torum
563 1991 768 2052 evolvi
806 1998 1007 2061 notaS,
1040 1989 1359 2065 quaerenti
1389 1986 1832 2058 demonstrant,
1864 1985 1969 2046 ubi
1997 1985 2148 2047 sint:
2181 1983 2419 2059 reliqua

340 2095 486 2139 cura
515 2086 576 2139 et
604 2076 973 2152 cogitatione
1001 2086 1310 2143 eruuntur.
1370 2072 1509 2137 175.
1554 2074 1732 2149 Quod
1772 2082 1973 2133 autem
2014 2080 2402 2147 argumento-

336 2175 472 2221 rum
514 2177 709 2235 genus
742 2159 966 2235 cuique
998 2176 1322 2219 causarum
1349 2158 1555 2233 generi
1585 2156 1847 2219 maxime
1878 2154 2227 2223 conveniat,
2275 2172 2402 2215 non

339 2253 434 2304 est
468 2242 616 2303 artis
661 2241 1006 2317 exquisitae
1035 2241 1488 2317 praescribere,
1536 2243 1648 2302 sed
1691 2250 1787 2303 est
1813 2240 2140 2302 mediocris
2174 2237 2401 2315 ingenii

340 2326 629 2387 iudicare.
688 2326 902 2400 Neque
932 2323 1094 2385 enim
1124 2342 1287 2385 nunc
1317 2324 1381 2384 id
1409 2323 1674 2399 agimm,
1703 2334 1770 2386 ut
1798 2335 1988 2386 artem
2016 2323 2283 2399 aliquam
2310 2323 2403 2383 di-

340 2408 520 2470 cendi
552 2406 960 2483 explicemuS‚
1005 2409 1121 2469 sed
1147 2418 1213 2470 ut
1243 2407 1618 2470 doctissimis
1647 2405 1996 2469 hominibus
2025 2424 2178 2468 usus
2209 2406 2402 2468 nostri

342 2489 521 2567 quasi
564 2491 866 2565 quaedam
905 2491 1138 2553 monita
1177 2493 1504 2554 tradamus.
1563 2491 1672 2551 His
1715 2490 1894 2566 igitur
1920 2489 2075 2552 locis
2106 2491 2169 2551 in
2198 2500 2402 2551 mente

340 2582 401 2635 et
442 2573 811 2650 cogitatione
851 2575 1073 2636 defixis
1117 2584 1178 2638 et
1206 2575 1267 2636 in
1299 2574 1463 2637 omni
1492 2592 1558 2635 re
1586 2576 1666 2635 ad
1700 2575 2026 2635 dicendum
2057 2574 2261 2649 posita
2293 2590 2401 2633 ex-

342 2656 570 2733 citatiS‚
614 2657 760 2720 nihil
804 2659 917 2720 erit
961 2660 1128 2736 quod
1173 2668 1474 2721 oratorem
1519 2660 1790 2733 effugere
1830 2657 2028 2734 possit
2055 2675 2179 2718 non
2212 2657 2402 2716 modo

340 2739 399 2803 in
443 2742 794 2804 forensibus
840 2742 1420 2819 disceptationibuS,
1465 2744 1575 2803 sed
1618 2741 1864 2803 omnino
1907 2739 1965 2800 in
2011 2741 2134 2802 ullo
2177 2756 2405 2815 genere

341 2825 601 2887 dicendi.
666 2825 804 2889 176.
850 2825 915 2887 Si
944 2843 1093 2888 vero
1124 2827 1524 2900 adsequetur,
1555 2834 1623 2886 ut
1651 2825 1788 2885 talis
1818 2824 2124 2897 videatur,
2160 2824 2403 2899 qualem

341 2927 410 2970 se
440 2907 635 2968 videri
666 2909 827 2983 velit,
858 2920 919 2971 et
944 2909 1182 2970 animos
1212 2926 1425 2970 eorum
1455 2907 1537 2969 ita
1565 2908 1828 2984 adficiat,
1864 2909 2032 2983 apud
2057 2925 2217 2982 quos
2240 2917 2404 2981 aget,

339 3001 402 3052 ut
439 3009 581 3064 eoS,
629 3009 1020 3067 quocumque
1049 2992 1225 3065 velit,
1261 2993 1361 3052 vel
1392 2992 1631 3054 trahere
1658 2994 1759 3052 vel
1792 3008 2010 3067 rapere
2038 2990 2269 3066 possit,
2312 2990 2399 3049 ni-

341 3078 420 3136 lnl
452 3077 731 3151 profecto
761 3083 1081 3151 praeterea
1109 3077 1190 3136 ad
1219 3076 1547 3137 dicendum
1573 3074 1861 3151 requiret.
1907 3077 2030 3134 Iam
2061 3073 2207 3136 illud
2232 3072 2403 3133 vide-

340 3178 475 3222 mus
508 3176 899 3235 nequaquam
928 3157 1077 3221 satis
1110 3176 1283 3230 esse,
1332 3159 1600 3234 reperire
1640 3158 1788 3235 quid
1819 3159 2024 3232 dicas,
2071 3156 2188 3218 nisi
2219 3155 2283 3216 id
2311 3154 2401 3216 in-

341 3253 589 3305 ventum
619 3253 878 3305 tractare
909 3243 1134 3318 possis.
1192 3240 1332 3305 177.
1360 3242 1660 3304 Tractatio
1690 3250 1891 3301 autem
1924 3240 2094 3302 varia
2121 3257 2264 3301 esse
2295 3241 2399 3298 de-

342 3329 471 3402 bet,
517 3345 592 3387 ne
621 3337 725 3388 aut
755 3334 1090 3402 cognoscat
1118 3335 1307 3386 artem
1340 3326 1444 3400 qui
1474 3324 1681 3387 audiat
1709 3335 1813 3385 aut
1841 3324 2207 3399 defatigetur
2235 3320 2399 3384 simi-

342 3409 607 3470 litudinis
639 3410 935 3472 satietate.
993 3408 1258 3485 Proponi
1288 3409 1529 3484 oportet
1559 3407 1706 3484 quid
1737 3409 1983 3469 adferas
2014 3419 2075 3469 et
2105 3423 2295 3483 quare
2319 3404 2401 3466 ita

340 3491 418 3548 sit
468 3492 832 3560 ostendere3
887 3508 965 3550 ex
1017 3493 1235 3550 iisdem
1285 3490 1404 3549 illis
1455 3490 1608 3549 locis
1656 3487 1962 3548 interdum
2010 3490 2400 3551 concludere.
