2622 3908
731 262 873 322 LIB.
898 262 997 321 ΠΙ.
1042 259 1210 322 GAP.
1235 268 1475 322 11—13.
1517 266 1570 327 s.
1593 269 1838 322 40—49.
2203 257 2323 321 155

245 412 445 487 prima
475 409 821 474 didicerunt
845 439 963 484 ——3
1000 412 1114 473 sed
1144 427 1279 471 eam
1313 410 1403 472 sic
1427 411 1630 485 audin,
1663 419 1730 473 ut
1749 411 2025 473 Plautum
2051 411 2196 472 mihi
2220 423 2324 474 aut

244 492 543 555 Naevium
573 493 788 555 videar
814 495 1048 557 audire.
1094 494 1263 556 Sono
1289 494 1428 571 ipso
1456 493 1631 555 vocis
1661 495 1744 555 ita
1769 503 1939 556 recto
1969 505 2031 557 et
2060 494 2322 572 simplici

243 586 374 653 est,
417 586 484 639 ut
524 578 671 638 nihil
717 579 1147 641 ostentationis
1191 586 1297 639 aut
1340 577 1690 639 imitationis
1733 579 1977 640 adferre
2012 579 2323 652 videatur3

245 678 327 721 ex
372 678 498 737 quo
545 661 635 723 sic
673 663 944 723 locutum
978 679 1123 724 esse
1167 661 1302 723 eius
1341 670 1573 738 patrem
1607 660 1846 736 iudicO,
1891 661 1982 722 sic
2026 662 2322 735 maiores3

246 761 371 806 non
407 761 630 820 aspere
663 754 731 805 ut
763 745 896 821 ille,
936 763 1117 821 quem
1148 745 1307 819 dixi,
1346 762 1469 806 non
1503 754 1711 818 vaste,
1749 762 1872 806 non
1907 745 2167 822 rustice,
2201 764 2324 808 non

243 828 479 902 hiulce,
516 829 630 889 sed
658 845 877 905 presse
906 839 967 891 et
992 829 1395 907 aequabiliter
1422 837 1484 890 et
1513 828 1747 889 leniter.
1791 827 1893 890 46.
1933 829 2131 902 Quare
2153 830 2326 891 Cotta

245 919 488 987 noster,
524 911 700 973 cuius
733 920 797 973 tu
825 913 927 974 illa
954 916 1105 988 lata,
1143 912 1410 989 Sulpici,
1447 929 1908 988 nonnumquam
1939 911 2222 986 imitaris,
2259 921 2327 974 ut

246 997 376 1058 Iota
406 994 664 1058 litteram
694 998 874 1059 tollas
902 1006 963 1059 et
982 998 1032 1057 E
1062 997 1484 1073 plenissimum
1508 998 1700 1071 dicaS,
1731 1015 1854 1059 non
1879 995 2023 1056 mihi
2048 1003 2323 1057 oratores

245 1079 567 1154 antiquos,
615 1082 727 1141 sed
770 1097 1083 1142 messores
1111 1081 1356 1142 videtur
1393 1080 1630 1142 imitari.
1708 1082 1821 1141 Hic
1853 1098 2041 1156 quum
2071 1079 2323 1141 adrisis-

248 1174 344 1225 set
385 1163 524 1239 ipse
556 1163 901 1239 Sulpicius:
955 1164 1060 1225 Sic
1105 1182 1281 1240 agam
1314 1165 1663 1236 vobiscum,
1713 1163 1909 1238 inquit
1939 1165 2228 1238 Crassus,
2259 1172 2322 1225 ut

249 1248 538 1324 quoniam
568 1264 664 1308 me
691 1249 863 1324 loqui
893 1248 1207 1322 voluistis,
1239 1248 1474 1324 aliquid
1498 1250 1575 1309 de
1598 1248 1822 1309 vestris
1848 1247 2011 1309 vitiis
2039 1246 2320 1308 audiatis.

244 1330 489 1393 Utinam
528 1331 806 1407 quidem!
844 1331 1042 1408 inquit
1075 1331 1206 1394 ille=
1250 1331 1315 1392 id
1350 1331 1512 1392 enim
1546 1331 1751 1408 ipsum
1787 1334 2100 1405 volumus,
2135 1330 2323 1406 idque

247 1414 301 1477 si
332 1415 572 1490 feceriS,
602 1416 820 1490 multa,
850 1424 916 1477 ut
943 1417 1221 1491 arbitror,
1250 1415 1349 1476 hic
1371 1416 1558 1476 hodic
1579 1415 1728 1476 vitia
1746 1432 2070 1492 ponemus.
2113 1412 2215 1478 47.
2245 1419 2318 1475 A.

245 1499 410 1560 enim
433 1516 555 1560 non
581 1499 714 1560 sine
737 1516 874 1561 meo
898 1498 1195 1576 periculo,
1226 1500 1487 1561 Crassus
1510 1500 1724 1576 inquit,
1757 1517 2034 1577 possum,
2069 1498 2319 1575 Sulpici,

248 1593 305 1645 te
336 1583 824 1659 reprehendere,
859 1583 1149 1659 quoniam
1170 1584 1479 1646 Antonius
1510 1584 1655 1645 mihi
1685 1594 1744 1646 te
1775 1583 2142 1646 simillimum
2173 1582 2324 1644 dixit

247 1666 365 1728 sibi
397 1666 610 1727 videri.
652 1667 743 1728 Tu
766 1683 934 1743 vero,
962 1666 1161 1743 inquit
1182 1667 1316 1743 ille,
1349 1669 1637 1744 quoniam
1662 1669 1898 1730 monuit
1918 1669 2078 1729 idem
2097 1715 2111 1741 ,
2140 1677 2207 1729 ut
2229 1684 2322 1740 ea,

248 1767 411 1826 quae
441 1750 502 1810 iu
541 1767 791 1827 quoque
822 1751 1088 1811 maxima
1116 1760 1357 1825 essent,
1395 1752 1797 1823 imitaremur;
1836 1769 1915 1812 ex
1946 1768 2070 1826 quo
2101 1766 2321 1811 vereor

248 1851 327 1894 ne
372 1833 520 1893 nihil
564 1835 680 1895 sim
724 1834 808 1896 tui
853 1834 972 1896 nisi
1010 1835 1478 1910 supplosionem
1514 1835 1695 1910 pedis
1729 1834 1996 1894 imitatus
2029 1842 2090 1893 ct
2124 1849 2320 1910 pauca

251 1919 559 1996 quaedam
595 1919 785 1980 verba
814 1927 875 1980 et
905 1919 1203 1994 aliquem,
1243 1917 1296 1978 si
1329 1920 1513 1993 sorte,
1548 1926 1798 1980 motum.
1854 1918 2015 1993 Ergo
2053 1916 2197 1990 ista,
2233 1915 2316 1976 in·

246 2003 380 2081 quit
405 2005 685 2080 CrassuS,
712 2019 873 2079 quae
896 2004 1089 2065 habes
1112 2020 1151 2062 a
1170 2020 1288 2078 me,
1315 2020 1439 2063 non
1463 2003 1868 2079 reprehendo,
1895 2018 1972 2062 ne
1996 2018 2092 2061 me
2115 2000 2319 2077 ipsum

244 2088 532 2148 irrideam
556 2122 643 2133 -
673 2095 815 2148 sunt
841 2095 1043 2149 autem
1074 2104 1211 2147 mea
1237 2088 1426 2148 multo
1459 2096 1519 2148 et
1545 2087 1722 2162 plura
1752 2095 1813 2147 et
1839 2084 2101 2160 maiora,
2138 2101 2320 2159 quam

245 2171 403 2232 dicis
431 2194 545 2227 —e
584 2188 745 2248 quae
772 2178 975 2232 autem
1006 2179 1149 2232 sunt
1176 2180 1280 2233 aut
1302 2180 1408 2232 tua
1428 2173 1609 2247 plane
1631 2177 1736 2230 aut
1756 2168 2090 2231 imitatione
2112 2185 2192 2229 ex
2214 2167 2319 2229 ali-

247 2273 371 2331 quo
408 2272 743 2331 expressa,
790 2256 869 2315 de
906 2254 980 2314 iis
1015 2262 1103 2327 te,
1157 2254 1209 2315 si
1243 2256 1348 2331 qui
1382 2272 1479 2316 me
1517 2257 1672 2316 rorte
1704 2256 1881 2315 locus
1917 2252 2319 2326 admonuerit,

248 2340 675 2401 commonebo.
729 2340 885 2399 Xlll.
932 2337 1035 2399 48.
1069 2340 1528 2401 Praetereamus
1553 2339 1735 2414 igitur
1753 2346 2089 2416 praecepta
2108 2334 2321 2397 Latine

247 2424 568 2499 loquendi,
618 2440 779 2499 quae
810 2421 1066 2498 puerilis
1102 2423 1383 2485 doctrina
1418 2424 1599 2486 tradit
1629 2433 1690 2484 et
1732 2421 2012 2484 subtilior
2053 2419 2320 2497 cognitio

243 2524 317 2567 ac
349 2507 505 2569 ratio
539 2506 869 2569 litterarum
901 2505 1007 2568 alit
1034 2515 1139 2568 aut
1169 2508 1555 2568 consuetudo
1590 2507 1893 2569 sermonis
1926 2505 2216 2569 cotidiani
2248 2521 2321 2566 ac

245 2590 599 2664 domestici,
667 2590 803 2651 libri
859 2590 1222 2650 confirmant
1261 2598 1322 2651 et
1365 2591 1545 2651 lectio
1591 2599 1867 2651 veterum
1908 2600 2218 2652 oratorum
2263 2597 2321 2650 ot

244 2677 586 2750 poetarum.
628 2675 844 2751 Neque
873 2689 1023 2735 vero
1051 2673 1113 2734 in
1144 2673 1246 2734 illo
1277 2676 1469 2735 altero
1493 2672 1720 2735 diutius
1745 2689 2220 2746 commoremur,
2256 2683 2322 2734 ut

245 2756 664 2832 disputemuS,
714 2759 938 2834 quibus
976 2758 1164 2819 rebus
1208 2756 1471 2833 adsequi
1513 2756 1860 2833 possimus,
1901 2767 1969 2817 ut
2010 2772 2115 2829 ea,
2159 2772 2320 2829 quae

245 2842 554 2914 dicamus,
602 2840 1032 2917 intelligantur.
1105 2840 1207 2903 49.
1252 2841 1466 2902 Latine
1502 2840 1738 2902 scilicet
1768 2839 2064 2911 dicendo,
2109 2838 2319 2900 verbis

244 2924 483 2987 usitatis
521 2941 595 2985 ac
639 2924 887 3002 proprie
929 2925 1488 2987 demonstrantibus
1530 2942 1639 2998 ea,
1688 2943 1847 3002 quae
1882 2922 2213 3001 significari
2249 2938 2320 2983 ac

244 3008 544 3069 declarari
590 3013 901 3084 volemuS,
944 3010 1077 3069 sine
1124 3009 1409 3085 ambiguo
1453 3010 1643 3071 verbo
1692 3019 1795 3071 aut
1837 3026 2153 3081 sermone,
2197 3025 2320 3069 non

242 3091 424 3153 nimis
455 3093 638 3168 longa
665 3092 1121 3155 continuatione
1146 3094 1499 3167 verborum,
1530 3111 1653 3155 non
1675 3096 1856 3155 valde
1882 3091 2198 3169 productis
2222 3089 2317 3154 iis.

242 3193 406 3252 quae
451 3175 864 3237 similitudinis
909 3194 1101 3237 causa
1141 3195 1224 3238 ex
1266 3177 1403 3238 aliis
1447 3179 1634 3239 rebus
1673 3180 2146 3248 transferuntur,
2194 3192 2320 3235 non

241 3260 571 3336 discerptis
608 3260 956 3335 sententiiS,
987 3277 1111 3321 non
1135 3262 1556 3338 praeposteris
1580 3260 1992 3337 temporibus,
2024 3276 2147 3321 non
2173 3275 2321 3320 con·

241 3343 400 3405 fusis
425 3344 735 3420 personis,
761 3363 884 3406 non
912 3346 1273 3407 conturbato
1301 3345 1535 3406 ordine.
1582 3343 1738 3419 Quid
1761 3347 1993 3406 multa?
2029 3353 2147 3405 tam
2171 3341 2322 3403 saei·

241 3427 315 3488 lis
346 3439 445 3489 est
471 3436 599 3490 tota
625 3445 760 3502 reS,
795 3438 863 3490 ut
888 3428 1033 3490 mihi
1065 3428 1394 3505 permirum
1424 3446 1613 3504 saepe
1642 3427 1952 3501 videatur,
1985 3444 2171 3504 quum
2203 3427 2319 3487 dir·

241 3510 465 3572 flcilius
496 3511 895 3588 intelligatur,
932 3512 1080 3589 quid
1108 3522 1407 3589 patronus
1438 3512 1586 3574 velit
1615 3512 1851 3586 dicere,
1887 3529 2069 3588 quam
2094 3511 2148 3573 si
2180 3510 2320 3581 ipse
