<?xml version="1.0" encoding="UTF-8"?>
<!DOCTYPE html PUBLIC "-//W3C//DTD XHTML 1.0 Transitional//EN"
    "http://www.w3.org/TR/xhtml1/DTD/xhtml1-transitional.dtd">
<html xmlns="http://www.w3.org/1999/xhtml" xml:lang="en" lang="en">
 <head>
  <title>
</title>
<meta http-equiv="Content-Type" content="text/html;charset=utf-8" />
  <meta name='ocr-system' content='tesseract 3.04.00' />
  <meta name='ocr-capabilities' content='ocr_page ocr_carea ocr_par ocr_line ocrx_word'/>
</head>
<body>
  <div class='ocr_page' id='page_1' title='image "./deoratorelibrit01cicegoog_0141.png"; bbox 0 0 2622 3908; ppageno 0'>
   <div class='ocr_carea' id='block_1_1' title="bbox 537 243 2269 317">
    <p class='ocr_par' dir='ltr' id='par_1_1' title="bbox 537 243 2269 317">
     <span class='ocr_line' id='line_1_1' title="bbox 537 243 2269 317; baseline 0.002 -16"><span class='ocrx_word' id='word_1_1' title='bbox 537 316 542 317; x_wconf 8' lang='grc' dir='ltr'><em>γ</em></span> <span class='ocrx_word' id='word_1_2' title='bbox 623 243 874 302; x_wconf 85' lang='lat' dir='ltr'>LIB.11.</span> <span class='ocrx_word' id='word_1_3' title='bbox 922 243 1085 302; x_wconf 85' lang='lat' dir='ltr'><strong>CAP.</strong></span> <span class='ocrx_word' id='word_1_4' title='bbox 1115 252 1384 305; x_wconf 83' lang='lat'><strong>81—84.</strong></span> <span class='ocrx_word' id='word_1_5' title='bbox 1425 250 1476 307; x_wconf 69' lang='lat'>5.</span> <span class='ocrx_word' id='word_1_6' title='bbox 1505 251 1839 306; x_wconf 76' lang='lat'><strong>331—341.</strong></span> <span class='ocrx_word' id='word_1_7' title='bbox 2134 243 2269 307; x_wconf 16' lang='lat'>137*</span> 
     </span>
    </p>
   </div>
   <div class='ocr_carea' id='block_1_2' title="bbox 165 393 2271 3563">
    <p class='ocr_par' dir='ltr' id='par_1_2' title="bbox 165 393 2271 3132">
     <span class='ocr_line' id='line_1_2' title="bbox 169 393 2244 469; baseline 0.001 -14"><span class='ocrx_word' id='word_1_8' title='bbox 169 396 230 456; x_wconf 89' lang='lat' dir='ltr'>id</span> <span class='ocrx_word' id='word_1_9' title='bbox 266 393 479 455; x_wconf 88' lang='lat' dir='ltr'>docuit</span> <span class='ocrx_word' id='word_1_10' title='bbox 514 411 637 454; x_wconf 92' lang='lat' dir='ltr'>non</span> <span class='ocrx_word' id='word_1_11' title='bbox 675 393 1021 455; x_wconf 89' lang='lat' dir='ltr'>videntibus</span> <span class='ocrx_word' id='word_1_12' title='bbox 1054 394 1220 467; x_wconf 83' lang='lat' dir='ltr'>aliis,</span> <span class='ocrx_word' id='word_1_13' title='bbox 1268 395 1321 455; x_wconf 91' lang='lat' dir='ltr'>is</span> <span class='ocrx_word' id='word_1_14' title='bbox 1359 396 1681 469; x_wconf 91' lang='lat' dir='ltr'>plurimum</span> <span class='ocrx_word' id='word_1_15' title='bbox 1716 395 1886 458; x_wconf 90' lang='lat' dir='ltr'>vidit.</span> <span class='ocrx_word' id='word_1_16' title='bbox 1951 395 2094 457; x_wconf 84' lang='lat'><strong>337.</strong></span> <span class='ocrx_word' id='word_1_17' title='bbox 2148 399 2244 457; x_wconf 92' lang='lat' dir='ltr'>Ad</span> 
     </span>
     <span class='ocr_line' id='line_1_3' title="bbox 165 476 2247 554; baseline 0 -14"><span class='ocrx_word' id='word_1_18' title='bbox 165 476 497 540; x_wconf 88' lang='lat' dir='ltr'>consilium</span> <span class='ocrx_word' id='word_1_19' title='bbox 526 485 732 537; x_wconf 90' lang='lat' dir='ltr'>autem</span> <span class='ocrx_word' id='word_1_20' title='bbox 764 478 841 537; x_wconf 91' lang='lat' dir='ltr'>de</span> <span class='ocrx_word' id='word_1_21' title='bbox 870 494 940 537; x_wconf 89' lang='lat' dir='ltr'>re</span> <span class='ocrx_word' id='word_1_22' title='bbox 971 477 1218 553; x_wconf 88' lang='lat' dir='ltr'>publica</span> <span class='ocrx_word' id='word_1_23' title='bbox 1247 478 1518 539; x_wconf 89' lang='lat' dir='ltr'>dandum</span> <span class='ocrx_word' id='word_1_24' title='bbox 1555 489 1740 554; x_wconf 90' lang='lat' dir='ltr'>caput</span> <span class='ocrx_word' id='word_1_25' title='bbox 1769 490 1864 541; x_wconf 91' lang='lat' dir='ltr'>est</span> <span class='ocrx_word' id='word_1_26' title='bbox 1897 498 2087 542; x_wconf 92' lang='lat' dir='ltr'>nosse</span> <span class='ocrx_word' id='word_1_27' title='bbox 2117 497 2247 541; x_wconf 89' lang='lat' dir='ltr'>rem</span> 
     </span>
     <span class='ocr_line' id='line_1_4' title="bbox 166 560 2247 639; baseline 0.001 -17"><span class='ocrx_word' id='word_1_28' title='bbox 166 560 506 639; x_wconf 82' lang='lat' dir='ltr'>publicam3</span> <span class='ocrx_word' id='word_1_29' title='bbox 551 561 631 619; x_wconf 92' lang='lat' dir='ltr'>ad</span> <span class='ocrx_word' id='word_1_30' title='bbox 665 560 993 621; x_wconf 91' lang='lat' dir='ltr'>dicendum</span> <span class='ocrx_word' id='word_1_31' title='bbox 1026 578 1174 622; x_wconf 90' lang='lat' dir='ltr'>vero</span> <span class='ocrx_word' id='word_1_32' title='bbox 1214 561 1608 636; x_wconf 81' lang='lat' dir='ltr'>probabiliter</span> <span class='ocrx_word' id='word_1_33' title='bbox 1637 576 1828 624; x_wconf 88' lang='lat' dir='ltr'>nosse</span> <span class='ocrx_word' id='word_1_34' title='bbox 1859 581 2063 625; x_wconf 88' lang='lat' dir='ltr'>mores</span> <span class='ocrx_word' id='word_1_35' title='bbox 2100 563 2247 625; x_wconf 89' lang='lat' dir='ltr'>civi·</span> 
     </span>
     <span class='ocr_line' id='line_1_5' title="bbox 167 642 2245 722; baseline 0.001 -16"><span class='ocrx_word' id='word_1_36' title='bbox 167 645 342 717; x_wconf 81' lang='lat' dir='ltr'>tatiS,</span> <span class='ocrx_word' id='word_1_37' title='bbox 381 642 486 720; x_wconf 92' lang='lat' dir='ltr'>qui</span> <span class='ocrx_word' id='word_1_38' title='bbox 521 644 664 719; x_wconf 90' lang='lat' dir='ltr'>quia</span> <span class='ocrx_word' id='word_1_39' title='bbox 697 645 912 704; x_wconf 87' lang='lat' dir='ltr'>crebro</span> <span class='ocrx_word' id='word_1_40' title='bbox 945 654 1279 718; x_wconf 89' lang='lat' dir='ltr'>mutantur,</span> <span class='ocrx_word' id='word_1_41' title='bbox 1310 661 1506 720; x_wconf 89' lang='lat' dir='ltr'>genus</span> <span class='ocrx_word' id='word_1_42' title='bbox 1540 664 1792 722; x_wconf 89' lang='lat' dir='ltr'>quoque</span> <span class='ocrx_word' id='word_1_43' title='bbox 1824 647 2119 708; x_wconf 72' lang='lat' dir='ltr'>orafionis</span> <span class='ocrx_word' id='word_1_44' title='bbox 2153 656 2245 709; x_wconf 85' lang='lat' dir='ltr'>est</span> 
     </span>
     <span class='ocr_line' id='line_1_6' title="bbox 168 728 2244 806; baseline 0 -16"><span class='ocrx_word' id='word_1_45' title='bbox 168 745 364 803; x_wconf 85' lang='lat' dir='ltr'>saepe</span> <span class='ocrx_word' id='word_1_46' title='bbox 387 728 761 788; x_wconf 87' lang='lat' dir='ltr'>mutandum.</span> <span class='ocrx_word' id='word_1_47' title='bbox 809 728 884 787; x_wconf 90' lang='lat' dir='ltr'>Et</span> <span class='ocrx_word' id='word_1_48' title='bbox 908 744 1280 803; x_wconf 89' lang='lat' dir='ltr'>quamquam</span> <span class='ocrx_word' id='word_1_49' title='bbox 1301 746 1425 789; x_wconf 88' lang='lat' dir='ltr'>una</span> <span class='ocrx_word' id='word_1_50' title='bbox 1450 731 1577 789; x_wconf 83' lang='lat' dir='ltr'>sere</span> <span class='ocrx_word' id='word_1_51' title='bbox 1604 729 1696 790; x_wconf 87' lang='lat' dir='ltr'>vis</span> <span class='ocrx_word' id='word_1_52' title='bbox 1721 740 1816 790; x_wconf 93' lang='lat' dir='ltr'>est</span> <span class='ocrx_word' id='word_1_53' title='bbox 1839 731 2244 806; x_wconf 72' lang='lat' dir='ltr'>eloquentiae,</span> 
     </span>
     <span class='ocr_line' id='line_1_7' title="bbox 168 810 2245 888; baseline 0 -15"><span class='ocrx_word' id='word_1_54' title='bbox 168 822 368 873; x_wconf 88' lang='lat' dir='ltr'>tamen</span> <span class='ocrx_word' id='word_1_55' title='bbox 405 810 550 885; x_wconf 90' lang='lat' dir='ltr'>quia</span> <span class='ocrx_word' id='word_1_56' title='bbox 580 828 818 871; x_wconf 90' lang='lat' dir='ltr'>summa</span> <span class='ocrx_word' id='word_1_57' title='bbox 848 810 1109 886; x_wconf 82' lang='lat' dir='ltr'><strong>dignitas</strong></span> <span class='ocrx_word' id='word_1_58' title='bbox 1139 822 1235 874; x_wconf 90' lang='lat' dir='ltr'>est</span> <span class='ocrx_word' id='word_1_59' title='bbox 1263 813 1507 888; x_wconf 90' lang='lat' dir='ltr'>populi,</span> <span class='ocrx_word' id='word_1_60' title='bbox 1540 812 1910 887; x_wconf 88' lang='lat' dir='ltr'>gravissima</span> <span class='ocrx_word' id='word_1_61' title='bbox 1940 831 2129 874; x_wconf 90' lang='lat' dir='ltr'>causa</span> <span class='ocrx_word' id='word_1_62' title='bbox 2157 814 2245 874; x_wconf 88' lang='lat' dir='ltr'>rei</span> 
     </span>
     <span class='ocr_line' id='line_1_8' title="bbox 169 893 2244 971; baseline 0 -15"><span class='ocrx_word' id='word_1_63' title='bbox 169 894 484 971; x_wconf 89' lang='lat' dir='ltr'>publicae,</span> <span class='ocrx_word' id='word_1_64' title='bbox 516 893 763 953; x_wconf 87' lang='lat' dir='ltr'>maximi</span> <span class='ocrx_word' id='word_1_65' title='bbox 795 903 995 955; x_wconf 91' lang='lat' dir='ltr'>motus</span> <span class='ocrx_word' id='word_1_66' title='bbox 1028 894 1461 971; x_wconf 83' lang='lat' dir='ltr'>multitudiniS,</span> <span class='ocrx_word' id='word_1_67' title='bbox 1492 913 1687 971; x_wconf 90' lang='lat' dir='ltr'>genus</span> <span class='ocrx_word' id='word_1_68' title='bbox 1719 914 1971 971; x_wconf 89' lang='lat' dir='ltr'>quoque</span> <span class='ocrx_word' id='word_1_69' title='bbox 2001 896 2244 957; x_wconf 88' lang='lat' dir='ltr'>dicendi</span> 
     </span>
     <span class='ocr_line' id='line_1_9' title="bbox 167 977 2246 1054; baseline 0.001 -16"><span class='ocrx_word' id='word_1_70' title='bbox 167 977 466 1054; x_wconf 81' lang='lat' dir='ltr'>grandius</span> <span class='ocrx_word' id='word_1_71' title='bbox 527 979 838 1053; x_wconf 79' lang='lat' dir='ltr'>quoddam</span> <span class='ocrx_word' id='word_1_72' title='bbox 885 988 945 1039; x_wconf 90' lang='lat' dir='ltr'>et</span> <span class='ocrx_word' id='word_1_73' title='bbox 988 978 1279 1041; x_wconf 78' lang='lat' dir='ltr'>illustrius</span> <span class='ocrx_word' id='word_1_74' title='bbox 1324 997 1468 1041; x_wconf 92' lang='lat' dir='ltr'>esse</span> <span class='ocrx_word' id='word_1_75' title='bbox 1512 979 1928 1041; x_wconf 88' lang='lat' dir='ltr'>adhibendum</span> <span class='ocrx_word' id='word_1_76' title='bbox 1976 979 2246 1050; x_wconf 87' lang='lat' dir='ltr'>videtur;</span> 
     </span>
     <span class='ocr_line' id='line_1_10' title="bbox 169 1062 2244 1136; baseline 0 -14"><span class='ocrx_word' id='word_1_77' title='bbox 169 1062 563 1136; x_wconf 89' lang='lat' dir='ltr'>maximaque</span> <span class='ocrx_word' id='word_1_78' title='bbox 595 1078 739 1136; x_wconf 92' lang='lat' dir='ltr'>pars</span> <span class='ocrx_word' id='word_1_79' title='bbox 771 1062 1064 1123; x_wconf 90' lang='lat' dir='ltr'>orationis</span> <span class='ocrx_word' id='word_1_80' title='bbox 1096 1064 1484 1124; x_wconf 81' lang='lat' dir='ltr'>admovenda</span> <span class='ocrx_word' id='word_1_81' title='bbox 1515 1073 1611 1125; x_wconf 87' lang='lat' dir='ltr'>est</span> <span class='ocrx_word' id='word_1_82' title='bbox 1639 1065 1718 1123; x_wconf 91' lang='lat' dir='ltr'>ad</span> <span class='ocrx_word' id='word_1_83' title='bbox 1748 1063 2090 1124; x_wconf 89' lang='lat' dir='ltr'>animorum</span> <span class='ocrx_word' id='word_1_84' title='bbox 2119 1080 2244 1123; x_wconf 91' lang='lat' dir='ltr'>mo-</span> 
     </span>
     <span class='ocr_line' id='line_1_11' title="bbox 171 1146 2243 1219; baseline -0.001 -12"><span class='ocrx_word' id='word_1_85' title='bbox 171 1156 270 1207; x_wconf 93' lang='lat' dir='ltr'>tus</span> <span class='ocrx_word' id='word_1_86' title='bbox 307 1161 770 1219; x_wconf 87' lang='lat' dir='ltr'>nonnumquam</span> <span class='ocrx_word' id='word_1_87' title='bbox 801 1156 906 1207; x_wconf 90' lang='lat' dir='ltr'>aut</span> <span class='ocrx_word' id='word_1_88' title='bbox 941 1147 1365 1207; x_wconf 79' lang='lat' dir='ltr'>cohortatione</span> <span class='ocrx_word' id='word_1_89' title='bbox 1393 1157 1498 1207; x_wconf 90' lang='lat' dir='ltr'>aut</span> <span class='ocrx_word' id='word_1_90' title='bbox 1527 1146 2107 1209; x_wconf 73' lang='lat' dir='ltr'>commemoratione</span> <span class='ocrx_word' id='word_1_91' title='bbox 2139 1146 2243 1206; x_wconf 88' lang='lat' dir='ltr'>ali-</span> 
     </span>
     <span class='ocr_line' id='line_1_12' title="bbox 169 1228 2247 1306; baseline -0 -16"><span class='ocrx_word' id='word_1_92' title='bbox 169 1247 297 1306; x_wconf 91' lang='lat' dir='ltr'>qua</span> <span class='ocrx_word' id='word_1_93' title='bbox 338 1238 443 1289; x_wconf 90' lang='lat' dir='ltr'>aut</span> <span class='ocrx_word' id='word_1_94' title='bbox 487 1228 546 1288; x_wconf 89' lang='lat' dir='ltr'>in</span> <span class='ocrx_word' id='word_1_95' title='bbox 581 1245 758 1303; x_wconf 89' lang='lat' dir='ltr'>spem</span> <span class='ocrx_word' id='word_1_96' title='bbox 802 1240 907 1290; x_wconf 90' lang='lat' dir='ltr'>aut</span> <span class='ocrx_word' id='word_1_97' title='bbox 948 1228 1008 1288; x_wconf 91' lang='lat' dir='ltr'>in</span> <span class='ocrx_word' id='word_1_98' title='bbox 1053 1241 1277 1290; x_wconf 88' lang='lat' dir='ltr'>metum</span> <span class='ocrx_word' id='word_1_99' title='bbox 1323 1241 1424 1290; x_wconf 90' lang='lat' dir='ltr'>aut</span> <span class='ocrx_word' id='word_1_100' title='bbox 1467 1233 1547 1290; x_wconf 89' lang='lat' dir='ltr'>ad</span> <span class='ocrx_word' id='word_1_101' title='bbox 1594 1231 1983 1305; x_wconf 85' lang='lat' dir='ltr'>cupiditatem</span> <span class='ocrx_word' id='word_1_102' title='bbox 2024 1239 2129 1290; x_wconf 89' lang='lat' dir='ltr'>aut</span> <span class='ocrx_word' id='word_1_103' title='bbox 2169 1230 2247 1289; x_wconf 85' lang='lat' dir='ltr'>ad</span> 
     </span>
     <span class='ocr_line' id='line_1_13' title="bbox 167 1311 2246 1389; baseline -0 -16"><span class='ocrx_word' id='word_1_104' title='bbox 167 1312 426 1389; x_wconf 84' lang='lat' dir='ltr'>gloriam</span> <span class='ocrx_word' id='word_1_105' title='bbox 471 1311 903 1385; x_wconf 84' lang='lat' dir='ltr'>concitandoS,</span> <span class='ocrx_word' id='word_1_106' title='bbox 949 1329 1138 1388; x_wconf 88' lang='lat' dir='ltr'>saepe</span> <span class='ocrx_word' id='word_1_107' title='bbox 1182 1313 1363 1374; x_wconf 90' lang='lat' dir='ltr'>etiam</span> <span class='ocrx_word' id='word_1_108' title='bbox 1403 1332 1441 1374; x_wconf 88' lang='lat' dir='ltr'>a</span> <span class='ocrx_word' id='word_1_109' title='bbox 1484 1313 1849 1386; x_wconf 88' lang='lat' dir='ltr'>temeritate,</span> <span class='ocrx_word' id='word_1_110' title='bbox 1913 1312 2246 1387; x_wconf 78' lang='lat' dir='ltr'>iracundia,</span> 
     </span>
     <span class='ocr_line' id='line_1_14' title="bbox 171 1394 2243 1473; baseline -0.001 -15"><span class='ocrx_word' id='word_1_111' title='bbox 171 1414 317 1473; x_wconf 91' lang='lat' dir='ltr'>spe,</span> <span class='ocrx_word' id='word_1_112' title='bbox 353 1395 602 1468; x_wconf 89' lang='lat' dir='ltr'>iniuria,</span> <span class='ocrx_word' id='word_1_113' title='bbox 632 1394 889 1468; x_wconf 87' lang='lat' dir='ltr'>invidia,</span> <span class='ocrx_word' id='word_1_114' title='bbox 923 1396 1276 1457; x_wconf 88' lang='lat' dir='ltr'>crudelitate</span> <span class='ocrx_word' id='word_1_115' title='bbox 1299 1399 1709 1459; x_wconf 84' lang='lat' dir='ltr'>revocandos.</span> <span class='ocrx_word' id='word_1_116' title='bbox 1754 1398 2067 1457; x_wconf 91' lang='lat' dir='ltr'>LXXXIII.</span> <span class='ocrx_word' id='word_1_117' title='bbox 2105 1396 2243 1458; x_wconf 78' lang='lat'><strong>338.</strong></span> 
     </span>
     <span class='ocr_line' id='line_1_15' title="bbox 169 1479 2246 1555; baseline -0 -14"><span class='ocrx_word' id='word_1_118' title='bbox 169 1481 263 1541; x_wconf 88' lang='lat' dir='ltr'>Fit</span> <span class='ocrx_word' id='word_1_119' title='bbox 306 1489 539 1552; x_wconf 90' lang='lat' dir='ltr'>autem,</span> <span class='ocrx_word' id='word_1_120' title='bbox 588 1490 682 1552; x_wconf 94' lang='lat' dir='ltr'>ut,</span> <span class='ocrx_word' id='word_1_121' title='bbox 730 1481 872 1554; x_wconf 92' lang='lat' dir='ltr'>quia</span> <span class='ocrx_word' id='word_1_122' title='bbox 913 1479 1177 1539; x_wconf 80' lang='lat' dir='ltr'>max1ma</span> <span class='ocrx_word' id='word_1_123' title='bbox 1220 1480 1400 1555; x_wconf 91' lang='lat' dir='ltr'>quasi</span> <span class='ocrx_word' id='word_1_124' title='bbox 1442 1480 1667 1541; x_wconf 90' lang='lat' dir='ltr'>oratori</span> <span class='ocrx_word' id='word_1_125' title='bbox 1713 1496 1941 1541; x_wconf 90' lang='lat' dir='ltr'>scaena</span> <span class='ocrx_word' id='word_1_126' title='bbox 1973 1481 2246 1542; x_wconf 81' lang='lat' dir='ltr'>videatur</span> 
     </span>
     <span class='ocr_line' id='line_1_16' title="bbox 171 1562 2244 1639; baseline -0 -14"><span class='ocrx_word' id='word_1_127' title='bbox 171 1563 510 1637; x_wconf 81' lang='lat' dir='ltr'>contioniS,</span> <span class='ocrx_word' id='word_1_128' title='bbox 555 1572 770 1624; x_wconf 89' lang='lat' dir='ltr'>natura</span> <span class='ocrx_word' id='word_1_129' title='bbox 799 1562 938 1638; x_wconf 89' lang='lat' dir='ltr'>ipsa</span> <span class='ocrx_word' id='word_1_130' title='bbox 974 1566 1051 1623; x_wconf 91' lang='lat' dir='ltr'>ad</span> <span class='ocrx_word' id='word_1_131' title='bbox 1082 1564 1353 1626; x_wconf 91' lang='lat' dir='ltr'>ornatius</span> <span class='ocrx_word' id='word_1_132' title='bbox 1383 1563 1629 1625; x_wconf 89' lang='lat' dir='ltr'>dicendi</span> <span class='ocrx_word' id='word_1_133' title='bbox 1665 1582 1860 1639; x_wconf 91' lang='lat' dir='ltr'>genus</span> <span class='ocrx_word' id='word_1_134' title='bbox 1893 1564 2244 1626; x_wconf 89' lang='lat' dir='ltr'>excitemur.</span> 
     </span>
     <span class='ocr_line' id='line_1_17' title="bbox 172 1646 2244 1724; baseline 0 -16"><span class='ocrx_word' id='word_1_135' title='bbox 172 1650 371 1708; x_wconf 87' lang='lat' dir='ltr'>Habet</span> <span class='ocrx_word' id='word_1_136' title='bbox 403 1646 564 1708; x_wconf 90' lang='lat' dir='ltr'>enim</span> <span class='ocrx_word' id='word_1_137' title='bbox 600 1648 919 1707; x_wconf 91' lang='lat' dir='ltr'>multitudo</span> <span class='ocrx_word' id='word_1_138' title='bbox 956 1647 1078 1707; x_wconf 91' lang='lat' dir='ltr'>vim</span> <span class='ocrx_word' id='word_1_139' title='bbox 1115 1650 1441 1723; x_wconf 89' lang='lat' dir='ltr'>quamdam</span> <span class='ocrx_word' id='word_1_140' title='bbox 1472 1652 1683 1721; x_wconf 88' lang='lat' dir='ltr'>talem,</span> <span class='ocrx_word' id='word_1_141' title='bbox 1720 1657 1816 1721; x_wconf 92' lang='lat' dir='ltr'>ut,</span> <span class='ocrx_word' id='word_1_142' title='bbox 1855 1650 2244 1724; x_wconf 83' lang='lat' dir='ltr'>quemadmo-</span> 
     </span>
     <span class='ocr_line' id='line_1_18' title="bbox 171 1729 2243 1804; baseline 0 -12"><span class='ocrx_word' id='word_1_143' title='bbox 171 1734 319 1792; x_wconf 89' lang='lat' dir='ltr'>dum</span> <span class='ocrx_word' id='word_1_144' title='bbox 362 1730 584 1791; x_wconf 86' lang='lat' dir='ltr'>tibicen</span> <span class='ocrx_word' id='word_1_145' title='bbox 631 1732 765 1792; x_wconf 89' lang='lat' dir='ltr'>sine</span> <span class='ocrx_word' id='word_1_146' title='bbox 806 1729 970 1791; x_wconf 87' lang='lat' dir='ltr'>tibiis</span> <span class='ocrx_word' id='word_1_147' title='bbox 1020 1748 1269 1804; x_wconf 89' lang='lat' dir='ltr'>canere,</span> <span class='ocrx_word' id='word_1_148' title='bbox 1326 1731 1416 1792; x_wconf 90' lang='lat' dir='ltr'>sic</span> <span class='ocrx_word' id='word_1_149' title='bbox 1460 1738 1663 1792; x_wconf 85' lang='lat' dir='ltr'>orator</span> <span class='ocrx_word' id='word_1_150' title='bbox 1693 1736 1826 1795; x_wconf 89' lang='lat' dir='ltr'>sine</span> <span class='ocrx_word' id='word_1_151' title='bbox 1864 1731 2243 1793; x_wconf 88' lang='lat' dir='ltr'>multitudine</span> 
     </span>
     <span class='ocr_line' id='line_1_19' title="bbox 170 1814 2242 1890; baseline -0.001 -14"><span class='ocrx_word' id='word_1_152' title='bbox 170 1814 460 1876; x_wconf 88' lang='lat' dir='ltr'>audiente</span> <span class='ocrx_word' id='word_1_153' title='bbox 490 1814 793 1890; x_wconf 91' lang='lat' dir='ltr'>eloquens</span> <span class='ocrx_word' id='word_1_154' title='bbox 823 1831 967 1875; x_wconf 93' lang='lat' dir='ltr'>esse</span> <span class='ocrx_word' id='word_1_155' title='bbox 998 1831 1119 1875; x_wconf 91' lang='lat' dir='ltr'>non</span> <span class='ocrx_word' id='word_1_156' title='bbox 1144 1814 1363 1889; x_wconf 88' lang='lat' dir='ltr'>possit.</span> <span class='ocrx_word' id='word_1_157' title='bbox 1410 1814 1554 1876; x_wconf 86' lang='lat'><strong>339.</strong></span> <span class='ocrx_word' id='word_1_158' title='bbox 1597 1816 1673 1874; x_wconf 91' lang='lat' dir='ltr'>Et</span> <span class='ocrx_word' id='word_1_159' title='bbox 1697 1832 1882 1889; x_wconf 91' lang='lat' dir='ltr'>quum</span> <span class='ocrx_word' id='word_1_160' title='bbox 1907 1816 2029 1875; x_wconf 90' lang='lat' dir='ltr'>sint</span> <span class='ocrx_word' id='word_1_161' title='bbox 2051 1831 2242 1889; x_wconf 88' lang='lat' dir='ltr'>popu-</span> 
     </span>
     <span class='ocr_line' id='line_1_20' title="bbox 176 1896 2249 1974; baseline -0.001 -14"><span class='ocrx_word' id='word_1_162' title='bbox 176 1901 337 1960; x_wconf 89' lang='lat' dir='ltr'>lares</span> <span class='ocrx_word' id='word_1_163' title='bbox 382 1897 550 1960; x_wconf 90' lang='lat' dir='ltr'>multi</span> <span class='ocrx_word' id='word_1_164' title='bbox 581 1898 860 1974; x_wconf 84' lang='lat' dir='ltr'>variique</span> <span class='ocrx_word' id='word_1_165' title='bbox 895 1901 1137 1974; x_wconf 82' lang='lat' dir='ltr'>lapsuS‚</span> <span class='ocrx_word' id='word_1_166' title='bbox 1184 1896 1432 1959; x_wconf 89' lang='lat' dir='ltr'>vitanda</span> <span class='ocrx_word' id='word_1_167' title='bbox 1467 1906 1562 1959; x_wconf 90' lang='lat' dir='ltr'>est</span> <span class='ocrx_word' id='word_1_168' title='bbox 1591 1897 1949 1959; x_wconf 86' lang='lat' dir='ltr'>acclamatio</span> <span class='ocrx_word' id='word_1_169' title='bbox 1982 1898 2249 1958; x_wconf 85' lang='lat' dir='ltr'>adversa</span> 
     </span>
     <span class='ocr_line' id='line_1_21' title="bbox 178 1981 2245 2060; baseline -0.002 -15"><span class='ocrx_word' id='word_1_170' title='bbox 178 1982 426 2060; x_wconf 90' lang='lat' dir='ltr'>populi;</span> <span class='ocrx_word' id='word_1_171' title='bbox 456 2000 614 2057; x_wconf 90' lang='lat' dir='ltr'>quae</span> <span class='ocrx_word' id='word_1_172' title='bbox 635 1992 740 2045; x_wconf 87' lang='lat' dir='ltr'>aut</span> <span class='ocrx_word' id='word_1_173' title='bbox 764 1981 1058 2045; x_wconf 88' lang='lat' dir='ltr'>orationis</span> <span class='ocrx_word' id='word_1_174' title='bbox 1081 1991 1340 2059; x_wconf 90' lang='lat' dir='ltr'>peccato</span> <span class='ocrx_word' id='word_1_175' title='bbox 1366 1983 1575 2057; x_wconf 90' lang='lat' dir='ltr'>aliquo</span> <span class='ocrx_word' id='word_1_176' title='bbox 1594 1981 1909 2054; x_wconf 88' lang='lat' dir='ltr'>excitatur,</span> <span class='ocrx_word' id='word_1_177' title='bbox 1937 1981 1992 2042; x_wconf 91' lang='lat' dir='ltr'>si</span> <span class='ocrx_word' id='word_1_178' title='bbox 2005 1997 2245 2056; x_wconf 66' lang='lat' dir='ltr'>aspere,</span> 
     </span>
     <span class='ocr_line' id='line_1_22' title="bbox 175 2063 2271 2142; baseline -0.002 -14"><span class='ocrx_word' id='word_1_179' title='bbox 175 2068 228 2128; x_wconf 88' lang='lat' dir='ltr'>si</span> <span class='ocrx_word' id='word_1_180' title='bbox 259 2068 658 2142; x_wconf 86' lang='lat' dir='ltr'>adroganter,</span> <span class='ocrx_word' id='word_1_181' title='bbox 707 2069 760 2128; x_wconf 89' lang='lat' dir='ltr'>si</span> <span class='ocrx_word' id='word_1_182' title='bbox 792 2066 1071 2142; x_wconf 89' lang='lat' dir='ltr'>turpiter,</span> <span class='ocrx_word' id='word_1_183' title='bbox 1104 2065 1157 2126; x_wconf 93' lang='lat' dir='ltr'>si</span> <span class='ocrx_word' id='word_1_184' title='bbox 1187 2066 1466 2138; x_wconf 89' lang='lat' dir='ltr'>sordide,</span> <span class='ocrx_word' id='word_1_185' title='bbox 1515 2068 1567 2125; x_wconf 92' lang='lat' dir='ltr'>si</span> <span class='ocrx_word' id='word_1_186' title='bbox 1604 2083 1855 2141; x_wconf 90' lang='lat' dir='ltr'>quoquo</span> <span class='ocrx_word' id='word_1_187' title='bbox 1887 2064 2070 2125; x_wconf 89' lang='lat' dir='ltr'>animi</span> <span class='ocrx_word' id='word_1_188' title='bbox 2102 2063 2271 2124; x_wconf 83' lang='lat' dir='ltr'>vitio.</span> 
     </span>
     <span class='ocr_line' id='line_1_23' title="bbox 174 2147 2249 2226; baseline -0.002 -16"><span class='ocrx_word' id='word_1_189' title='bbox 174 2151 402 2211; x_wconf 91' lang='lat' dir='ltr'>dictum</span> <span class='ocrx_word' id='word_1_190' title='bbox 433 2167 575 2210; x_wconf 91' lang='lat' dir='ltr'>esse</span> <span class='ocrx_word' id='word_1_191' title='bbox 605 2151 836 2226; x_wconf 87' lang='lat' dir='ltr'>aliquid</span> <span class='ocrx_word' id='word_1_192' title='bbox 877 2154 1144 2222; x_wconf 89' lang='lat' dir='ltr'>videtur,</span> <span class='ocrx_word' id='word_1_193' title='bbox 1188 2159 1293 2211; x_wconf 86' lang='lat' dir='ltr'>aut</span> <span class='ocrx_word' id='word_1_194' title='bbox 1321 2149 1631 2211; x_wconf 88' lang='lat' dir='ltr'>hominum</span> <span class='ocrx_word' id='word_1_195' title='bbox 1662 2148 2006 2210; x_wconf 82' lang='lat' dir='ltr'>offensione</span> <span class='ocrx_word' id='word_1_196' title='bbox 2038 2148 2134 2209; x_wconf 90' lang='lat' dir='ltr'>vel</span> <span class='ocrx_word' id='word_1_197' title='bbox 2160 2147 2249 2207; x_wconf 90' lang='lat' dir='ltr'>in-</span> 
     </span>
     <span class='ocr_line' id='line_1_24' title="bbox 176 2233 2251 2309; baseline -0.001 -15"><span class='ocrx_word' id='word_1_198' title='bbox 176 2234 370 2309; x_wconf 88' lang='lat' dir='ltr'>vidia,</span> <span class='ocrx_word' id='word_1_199' title='bbox 409 2251 567 2308; x_wconf 88' lang='lat' dir='ltr'>quae</span> <span class='ocrx_word' id='word_1_200' title='bbox 600 2243 704 2296; x_wconf 91' lang='lat' dir='ltr'>aut</span> <span class='ocrx_word' id='word_1_201' title='bbox 732 2236 891 2296; x_wconf 89' lang='lat' dir='ltr'>iusta</span> <span class='ocrx_word' id='word_1_202' title='bbox 922 2244 1017 2296; x_wconf 92' lang='lat' dir='ltr'>est</span> <span class='ocrx_word' id='word_1_203' title='bbox 1044 2243 1147 2295; x_wconf 89' lang='lat' dir='ltr'>aut</span> <span class='ocrx_word' id='word_1_204' title='bbox 1177 2251 1253 2294; x_wconf 90' lang='lat' dir='ltr'>ex</span> <span class='ocrx_word' id='word_1_205' title='bbox 1287 2233 1705 2294; x_wconf 89' lang='lat' dir='ltr'>criminatione</span> <span class='ocrx_word' id='word_1_206' title='bbox 1734 2242 1920 2307; x_wconf 88' lang='lat' dir='ltr'>atque</span> <span class='ocrx_word' id='word_1_207' title='bbox 1953 2234 2113 2292; x_wconf 77' lang='lat' dir='ltr'>sama</span> <span class='ocrx_word' id='word_1_208' title='bbox 2147 2239 2251 2291; x_wconf 84' lang='lat' dir='ltr'>aut</span> 
     </span>
     <span class='ocr_line' id='line_1_25' title="bbox 171 2316 2249 2394; baseline -0.001 -16"><span class='ocrx_word' id='word_1_209' title='bbox 171 2336 277 2379; x_wconf 89' lang='lat' dir='ltr'>res</span> <span class='ocrx_word' id='word_1_210' title='bbox 308 2316 363 2378; x_wconf 91' lang='lat' dir='ltr'>si</span> <span class='ocrx_word' id='word_1_211' title='bbox 393 2318 695 2392; x_wconf 90' lang='lat' dir='ltr'>displicet,</span> <span class='ocrx_word' id='word_1_212' title='bbox 729 2327 834 2379; x_wconf 89' lang='lat' dir='ltr'>aut</span> <span class='ocrx_word' id='word_1_213' title='bbox 862 2317 915 2380; x_wconf 93' lang='lat' dir='ltr'>si</span> <span class='ocrx_word' id='word_1_214' title='bbox 946 2329 1042 2379; x_wconf 89' lang='lat' dir='ltr'>est</span> <span class='ocrx_word' id='word_1_215' title='bbox 1068 2317 1129 2379; x_wconf 90' lang='lat' dir='ltr'>in</span> <span class='ocrx_word' id='word_1_216' title='bbox 1160 2318 1367 2394; x_wconf 89' lang='lat' dir='ltr'>aliquo</span> <span class='ocrx_word' id='word_1_217' title='bbox 1399 2327 1565 2379; x_wconf 92' lang='lat' dir='ltr'>motu</span> <span class='ocrx_word' id='word_1_218' title='bbox 1592 2334 1742 2378; x_wconf 90' lang='lat' dir='ltr'>suae</span> <span class='ocrx_word' id='word_1_219' title='bbox 1773 2316 2123 2392; x_wconf 89' lang='lat' dir='ltr'>cupiditatis</span> <span class='ocrx_word' id='word_1_220' title='bbox 2147 2324 2249 2376; x_wconf 86' lang='lat' dir='ltr'>aut</span> 
     </span>
     <span class='ocr_line' id='line_1_26' title="bbox 171 2401 2248 2478; baseline 0 -16"><span class='ocrx_word' id='word_1_221' title='bbox 171 2411 375 2462; x_wconf 90' lang='lat' dir='ltr'>metus</span> <span class='ocrx_word' id='word_1_222' title='bbox 412 2403 750 2463; x_wconf 90' lang='lat' dir='ltr'>multitudo.</span> <span class='ocrx_word' id='word_1_223' title='bbox 795 2401 906 2463; x_wconf 92' lang='lat' dir='ltr'>His</span> <span class='ocrx_word' id='word_1_224' title='bbox 939 2411 1224 2477; x_wconf 86' lang='lat' dir='ltr'>quattuor</span> <span class='ocrx_word' id='word_1_225' title='bbox 1252 2402 1461 2465; x_wconf 89' lang='lat' dir='ltr'>causis</span> <span class='ocrx_word' id='word_1_226' title='bbox 1493 2401 1738 2464; x_wconf 90' lang='lat' dir='ltr'>totidem</span> <span class='ocrx_word' id='word_1_227' title='bbox 1771 2401 2111 2463; x_wconf 90' lang='lat' dir='ltr'>medicinae</span> <span class='ocrx_word' id='word_1_228' title='bbox 2142 2418 2248 2478; x_wconf 90' lang='lat' dir='ltr'>op·</span> 
     </span>
     <span class='ocr_line' id='line_1_27' title="bbox 174 2484 2259 2562; baseline 0 -15"><span class='ocrx_word' id='word_1_229' title='bbox 174 2496 515 2562; x_wconf 79' lang='lat' dir='ltr'>ponuntur=</span> <span class='ocrx_word' id='word_1_230' title='bbox 563 2494 686 2546; x_wconf 92' lang='lat' dir='ltr'>tum</span> <span class='ocrx_word' id='word_1_231' title='bbox 717 2484 1056 2560; x_wconf 89' lang='lat' dir='ltr'>obiurgatio</span> <span class='ocrx_word' id='word_1_232' title='bbox 1076 2533 1091 2558; x_wconf 91' lang='lat'>,</span> <span class='ocrx_word' id='word_1_233' title='bbox 1133 2485 1187 2546; x_wconf 92' lang='lat' dir='ltr'>si</span> <span class='ocrx_word' id='word_1_234' title='bbox 1218 2496 1314 2547; x_wconf 92' lang='lat' dir='ltr'>est</span> <span class='ocrx_word' id='word_1_235' title='bbox 1343 2486 1707 2556; x_wconf 88' lang='lat' dir='ltr'>auctoritas;</span> <span class='ocrx_word' id='word_1_236' title='bbox 1757 2496 1882 2548; x_wconf 90' lang='lat' dir='ltr'>tum</span> <span class='ocrx_word' id='word_1_237' title='bbox 1917 2486 2259 2549; x_wconf 85' lang='lat' dir='ltr'>admonitio</span> 
     </span>
     <span class='ocr_line' id='line_1_28' title="bbox 173 2567 2246 2645; baseline 0 -16"><span class='ocrx_word' id='word_1_238' title='bbox 173 2568 357 2645; x_wconf 88' lang='lat' dir='ltr'>quasi</span> <span class='ocrx_word' id='word_1_239' title='bbox 387 2567 583 2629; x_wconf 89' lang='lat' dir='ltr'>lenior</span> <span class='ocrx_word' id='word_1_240' title='bbox 615 2570 989 2645; x_wconf 87' lang='lat' dir='ltr'>obiurgatio;</span> <span class='ocrx_word' id='word_1_241' title='bbox 1022 2577 1146 2630; x_wconf 89' lang='lat' dir='ltr'>tum</span> <span class='ocrx_word' id='word_1_242' title='bbox 1175 2569 1539 2645; x_wconf 87' lang='lat' dir='ltr'>promissio,</span> <span class='ocrx_word' id='word_1_243' title='bbox 1571 2569 1625 2629; x_wconf 90' lang='lat' dir='ltr'>si</span> <span class='ocrx_word' id='word_1_244' title='bbox 1653 2570 1985 2645; x_wconf 89' lang='lat' dir='ltr'>audierint,</span> <span class='ocrx_word' id='word_1_245' title='bbox 2030 2571 2246 2645; x_wconf 89' lang='lat' dir='ltr'>proba—</span> 
     </span>
     <span class='ocr_line' id='line_1_29' title="bbox 175 2651 2250 2728; baseline -0 -15"><span class='ocrx_word' id='word_1_246' title='bbox 175 2663 380 2723; x_wconf 89' lang='lat' dir='ltr'>turos;</span> <span class='ocrx_word' id='word_1_247' title='bbox 415 2660 541 2712; x_wconf 91' lang='lat' dir='ltr'>tum</span> <span class='ocrx_word' id='word_1_248' title='bbox 572 2652 953 2728; x_wconf 89' lang='lat' dir='ltr'>deprecatio,</span> <span class='ocrx_word' id='word_1_249' title='bbox 990 2655 1153 2728; x_wconf 90' lang='lat' dir='ltr'>quod</span> <span class='ocrx_word' id='word_1_250' title='bbox 1187 2663 1283 2714; x_wconf 92' lang='lat' dir='ltr'>est</span> <span class='ocrx_word' id='word_1_251' title='bbox 1313 2651 1614 2725; x_wconf 86' lang='lat' dir='ltr'>infimum,</span> <span class='ocrx_word' id='word_1_252' title='bbox 1648 2655 1761 2712; x_wconf 93' lang='lat' dir='ltr'>sed</span> <span class='ocrx_word' id='word_1_253' title='bbox 1792 2670 2250 2727; x_wconf 88' lang='lat' dir='ltr'>nonnumquam</span> 
     </span>
     <span class='ocr_line' id='line_1_30' title="bbox 171 2735 2261 2812; baseline -0.001 -14"><span class='ocrx_word' id='word_1_254' title='bbox 171 2737 341 2798; x_wconf 87' lang='lat' dir='ltr'>utile.</span> <span class='ocrx_word' id='word_1_255' title='bbox 385 2735 527 2797; x_wconf 85' lang='lat'><strong>340.</strong></span> <span class='ocrx_word' id='word_1_256' title='bbox 568 2738 743 2798; x_wconf 89' lang='lat' dir='ltr'>Nullo</span> <span class='ocrx_word' id='word_1_257' title='bbox 768 2745 972 2798; x_wconf 86' lang='lat' dir='ltr'>autem</span> <span class='ocrx_word' id='word_1_258' title='bbox 999 2739 1134 2798; x_wconf 90' lang='lat' dir='ltr'>loco</span> <span class='ocrx_word' id='word_1_259' title='bbox 1162 2740 1299 2812; x_wconf 89' lang='lat' dir='ltr'>plus</span> <span class='ocrx_word' id='word_1_260' title='bbox 1327 2736 1582 2797; x_wconf 82' lang='lat' dir='ltr'>facetiae</span> <span class='ocrx_word' id='word_1_261' title='bbox 1607 2745 1867 2811; x_wconf 90' lang='lat' dir='ltr'>prosunt</span> <span class='ocrx_word' id='word_1_262' title='bbox 1889 2746 1949 2797; x_wconf 87' lang='lat' dir='ltr'>et</span> <span class='ocrx_word' id='word_1_263' title='bbox 1969 2735 2261 2796; x_wconf 86' lang='lat' dir='ltr'>celeritas</span> 
     </span>
     <span class='ocr_line' id='line_1_31' title="bbox 171 2818 2251 2896; baseline -0.002 -16"><span class='ocrx_word' id='word_1_264' title='bbox 171 2831 234 2880; x_wconf 91' lang='lat' dir='ltr'>et</span> <span class='ocrx_word' id='word_1_265' title='bbox 273 2821 465 2880; x_wconf 88' lang='lat' dir='ltr'>breve</span> <span class='ocrx_word' id='word_1_266' title='bbox 507 2820 760 2896; x_wconf 88' lang='lat' dir='ltr'>aliquod</span> <span class='ocrx_word' id='word_1_267' title='bbox 803 2821 1029 2882; x_wconf 89' lang='lat' dir='ltr'>dictum</span> <span class='ocrx_word' id='word_1_268' title='bbox 1071 2837 1184 2881; x_wconf 87' lang='lat' dir='ltr'>nec</span> <span class='ocrx_word' id='word_1_269' title='bbox 1230 2820 1363 2882; x_wconf 91' lang='lat' dir='ltr'>sine</span> <span class='ocrx_word' id='word_1_270' title='bbox 1407 2818 1699 2895; x_wconf 84' lang='lat' dir='ltr'>dignitate</span> <span class='ocrx_word' id='word_1_271' title='bbox 1734 2829 1795 2880; x_wconf 93' lang='lat' dir='ltr'>et</span> <span class='ocrx_word' id='word_1_272' title='bbox 1838 2836 1977 2880; x_wconf 90' lang='lat' dir='ltr'>cum</span> <span class='ocrx_word' id='word_1_273' title='bbox 2019 2821 2251 2894; x_wconf 91' lang='lat' dir='ltr'>lepore.</span> 
     </span>
     <span class='ocr_line' id='line_1_32' title="bbox 173 2902 2264 2980; baseline -0 -17"><span class='ocrx_word' id='word_1_274' title='bbox 173 2902 332 2963; x_wconf 90' lang='lat' dir='ltr'>Nihil</span> <span class='ocrx_word' id='word_1_275' title='bbox 371 2902 533 2963; x_wconf 89' lang='lat' dir='ltr'>enim</span> <span class='ocrx_word' id='word_1_276' title='bbox 570 2914 688 2965; x_wconf 89' lang='lat' dir='ltr'>tam</span> <span class='ocrx_word' id='word_1_277' title='bbox 725 2905 901 2964; x_wconf 76' lang='lat' dir='ltr'>facile</span> <span class='ocrx_word' id='word_1_278' title='bbox 946 2921 1130 2980; x_wconf 91' lang='lat' dir='ltr'>quam</span> <span class='ocrx_word' id='word_1_279' title='bbox 1170 2904 1488 2966; x_wconf 87' lang='lat' dir='ltr'>multitudo</span> <span class='ocrx_word' id='word_1_280' title='bbox 1520 2922 1557 2964; x_wconf 90' lang='lat' dir='ltr'>a</span> <span class='ocrx_word' id='word_1_281' title='bbox 1590 2903 1831 2965; x_wconf 88' lang='lat' dir='ltr'>tristitia</span> <span class='ocrx_word' id='word_1_282' title='bbox 1859 2913 1921 2965; x_wconf 88' lang='lat' dir='ltr'>et</span> <span class='ocrx_word' id='word_1_283' title='bbox 1955 2920 2146 2979; x_wconf 89' lang='lat' dir='ltr'>saepe</span> <span class='ocrx_word' id='word_1_284' title='bbox 2174 2903 2264 2962; x_wconf 79' lang='lat' dir='ltr'>ab</span> 
     </span>
     <span class='ocr_line' id='line_1_33' title="bbox 171 2985 2248 3050; baseline -0.001 -3"><span class='ocrx_word' id='word_1_285' title='bbox 171 2985 507 3047; x_wconf 85' lang='lat' dir='ltr'>acerbitate</span> <span class='ocrx_word' id='word_1_286' title='bbox 554 2988 874 3048; x_wconf 83' lang='lat' dir='ltr'>commode</span> <span class='ocrx_word' id='word_1_287' title='bbox 918 2997 978 3048; x_wconf 94' lang='lat' dir='ltr'>et</span> <span class='ocrx_word' id='word_1_288' title='bbox 1018 2988 1284 3048; x_wconf 87' lang='lat' dir='ltr'>breviter</span> <span class='ocrx_word' id='word_1_289' title='bbox 1328 2999 1388 3048; x_wconf 87' lang='lat' dir='ltr'>et</span> <span class='ocrx_word' id='word_1_290' title='bbox 1429 2997 1607 3049; x_wconf 86' lang='lat' dir='ltr'>acute</span> <span class='ocrx_word' id='word_1_291' title='bbox 1635 2997 1695 3049; x_wconf 90' lang='lat' dir='ltr'>et</span> <span class='ocrx_word' id='word_1_292' title='bbox 1725 2988 1915 3050; x_wconf 87' lang='lat' dir='ltr'>hilare</span> <span class='ocrx_word' id='word_1_293' title='bbox 1953 2987 2115 3049; x_wconf 91' lang='lat' dir='ltr'>dicto</span> <span class='ocrx_word' id='word_1_294' title='bbox 2148 2987 2248 3046; x_wconf 88' lang='lat' dir='ltr'>de-</span> 
     </span>
     <span class='ocr_line' id='line_1_34' title="bbox 170 3069 438 3132; baseline -0.019 0"><span class='ocrx_word' id='word_1_295' title='bbox 170 3069 438 3132; x_wconf 87' lang='lat' dir='ltr'>ducitur.</span> 
     </span>
    </p>

    <p class='ocr_par' dir='ltr' id='par_1_3' title="bbox 167 3154 2262 3563">
     <span class='ocr_line' id='line_1_35' title="bbox 344 3154 2255 3231; baseline 0 -19"><span class='ocrx_word' id='word_1_296' title='bbox 344 3154 664 3214; x_wconf 89' lang='lat' dir='ltr'><strong>LXXXIV.</strong></span> <span class='ocrx_word' id='word_1_297' title='bbox 720 3155 1003 3230; x_wconf 88' lang='lat' dir='ltr'>Exposui</span> <span class='ocrx_word' id='word_1_298' title='bbox 1044 3157 1199 3228; x_wconf 82' lang='lat' dir='ltr'>sere,</span> <span class='ocrx_word' id='word_1_299' title='bbox 1230 3165 1296 3216; x_wconf 95' lang='lat' dir='ltr'>ut</span> <span class='ocrx_word' id='word_1_300' title='bbox 1324 3155 1527 3231; x_wconf 90' lang='lat' dir='ltr'>potui,</span> <span class='ocrx_word' id='word_1_301' title='bbox 1557 3154 1738 3217; x_wconf 89' lang='lat' dir='ltr'>vobis</span> <span class='ocrx_word' id='word_1_302' title='bbox 1768 3155 1830 3215; x_wconf 91' lang='lat' dir='ltr'>in</span> <span class='ocrx_word' id='word_1_303' title='bbox 1859 3164 2121 3229; x_wconf 88' lang='lat' dir='ltr'>utroque</span> <span class='ocrx_word' id='word_1_304' title='bbox 2150 3170 2255 3227; x_wconf 86' lang='lat' dir='ltr'>ge-</span> 
     </span>
     <span class='ocr_line' id='line_1_36' title="bbox 170 3238 2262 3315; baseline -0.001 -17"><span class='ocrx_word' id='word_1_305' title='bbox 170 3254 324 3299; x_wconf 91' lang='lat' dir='ltr'>nere</span> <span class='ocrx_word' id='word_1_306' title='bbox 349 3253 679 3298; x_wconf 86' lang='lat' dir='ltr'>causarum</span> <span class='ocrx_word' id='word_1_307' title='bbox 696 3255 854 3315; x_wconf 90' lang='lat' dir='ltr'>quae</span> <span class='ocrx_word' id='word_1_308' title='bbox 871 3238 1049 3314; x_wconf 88' lang='lat' dir='ltr'>sequi</span> <span class='ocrx_word' id='word_1_309' title='bbox 1062 3242 1346 3312; x_wconf 89' lang='lat' dir='ltr'>solerem,</span> <span class='ocrx_word' id='word_1_310' title='bbox 1368 3257 1528 3315; x_wconf 90' lang='lat' dir='ltr'>quae</span> <span class='ocrx_word' id='word_1_311' title='bbox 1546 3242 1774 3313; x_wconf 84' lang='lat' dir='ltr'>fugere,</span> <span class='ocrx_word' id='word_1_312' title='bbox 1799 3254 1957 3314; x_wconf 88' lang='lat' dir='ltr'>quae</span> <span class='ocrx_word' id='word_1_313' title='bbox 1974 3246 2262 3312; x_wconf 83' lang='lat' dir='ltr'>spectare·</span> 
     </span>
     <span class='ocr_line' id='line_1_37' title="bbox 171 3319 2260 3398; baseline -0 -17"><span class='ocrx_word' id='word_1_314' title='bbox 171 3338 430 3398; x_wconf 91' lang='lat' dir='ltr'>quaque</span> <span class='ocrx_word' id='word_1_315' title='bbox 475 3320 722 3382; x_wconf 90' lang='lat' dir='ltr'>omnino</span> <span class='ocrx_word' id='word_1_316' title='bbox 764 3320 825 3381; x_wconf 92' lang='lat' dir='ltr'>in</span> <span class='ocrx_word' id='word_1_317' title='bbox 867 3321 1074 3383; x_wconf 90' lang='lat' dir='ltr'>causis</span> <span class='ocrx_word' id='word_1_318' title='bbox 1115 3322 1350 3383; x_wconf 90' lang='lat' dir='ltr'>ratione</span> <span class='ocrx_word' id='word_1_319' title='bbox 1391 3321 1642 3383; x_wconf 82' lang='lat' dir='ltr'>versari.</span> <span class='ocrx_word' id='word_1_320' title='bbox 1727 3320 1871 3382; x_wconf 87' lang='lat'>341.</span> <span class='ocrx_word' id='word_1_321' title='bbox 1941 3322 2066 3380; x_wconf 92' lang='lat' dir='ltr'>Nec</span> <span class='ocrx_word' id='word_1_322' title='bbox 2106 3319 2260 3380; x_wconf 71' lang='lat' dir='ltr'>illud</span> 
     </span>
     <span class='ocr_line' id='line_1_38' title="bbox 169 3403 2257 3481; baseline -0.002 -13"><span class='ocrx_word' id='word_1_323' title='bbox 169 3403 420 3468; x_wconf 88' lang='lat' dir='ltr'>tertium</span> <span class='ocrx_word' id='word_1_324' title='bbox 450 3405 867 3466; x_wconf 87' lang='lat' dir='ltr'>laudationum</span> <span class='ocrx_word' id='word_1_325' title='bbox 898 3423 1095 3481; x_wconf 91' lang='lat' dir='ltr'>genus</span> <span class='ocrx_word' id='word_1_326' title='bbox 1119 3418 1215 3467; x_wconf 93' lang='lat' dir='ltr'>est</span> <span class='ocrx_word' id='word_1_327' title='bbox 1237 3406 1516 3478; x_wconf 84' lang='lat' dir='ltr'>difficile,</span> <span class='ocrx_word' id='word_1_328' title='bbox 1546 3405 1715 3479; x_wconf 87' lang='lat' dir='ltr'>quod</span> <span class='ocrx_word' id='word_1_329' title='bbox 1738 3421 1853 3479; x_wconf 92' lang='lat' dir='ltr'>ego</span> <span class='ocrx_word' id='word_1_330' title='bbox 1879 3403 2048 3464; x_wconf 90' lang='lat' dir='ltr'>initio</span> <span class='ocrx_word' id='word_1_331' title='bbox 2075 3404 2257 3479; x_wconf 86' lang='lat' dir='ltr'>quasi</span> 
     </span>
     <span class='ocr_line' id='line_1_39' title="bbox 167 3486 2256 3563; baseline 0 -13"><span class='ocrx_word' id='word_1_332' title='bbox 167 3507 205 3550; x_wconf 88' lang='lat' dir='ltr'>a</span> <span class='ocrx_word' id='word_1_333' title='bbox 237 3490 595 3563; x_wconf 89' lang='lat' dir='ltr'>praeceptis</span> <span class='ocrx_word' id='word_1_334' title='bbox 628 3491 856 3550; x_wconf 90' lang='lat' dir='ltr'>nostris</span> <span class='ocrx_word' id='word_1_335' title='bbox 883 3506 1299 3554; x_wconf 78' lang='lat' dir='ltr'>secreveram;</span> <span class='ocrx_word' id='word_1_336' title='bbox 1341 3490 1452 3550; x_wconf 90' lang='lat' dir='ltr'>sed</span> <span class='ocrx_word' id='word_1_337' title='bbox 1472 3498 1532 3549; x_wconf 91' lang='lat' dir='ltr'>et</span> <span class='ocrx_word' id='word_1_338' title='bbox 1561 3486 1705 3562; x_wconf 87' lang='lat' dir='ltr'>quia</span> <span class='ocrx_word' id='word_1_339' title='bbox 1735 3490 1922 3548; x_wconf 89' lang='lat' dir='ltr'>multa</span> <span class='ocrx_word' id='word_1_340' title='bbox 1953 3499 2095 3549; x_wconf 92' lang='lat' dir='ltr'>sunt</span> <span class='ocrx_word' id='word_1_341' title='bbox 2117 3506 2256 3550; x_wconf 87' lang='lat' dir='ltr'>ora·</span> 
     </span>
    </p>
   </div>
  </div>
 </body>
</html>
