2622 3908
633 218 778 276 LlB.
809 218 882 276 ΙΙ.
927 217 1094 277 CAP.
1126 225 1392 278 24—25.
1436 222 1488 284 §-
1524 223 1855 278 102—107.
2208 218 2289 279 83

218 373 535 445 loquatur,
580 378 640 429 et
680 383 864 443 agere
893 366 1230 428 adversarii
1262 383 1512 428 causam
1529 413 1543 440 ,
1587 377 1654 430 ut
1693 367 1795 428 ille
1833 379 1974 444 agat
2003 386 2178 430 suam
2207 378 2286 430 et

219 450 523 529 quidquid
565 452 643 512 de
685 467 799 511 sua
836 467 905 511 re
946 450 1250 526 cogitarit,
1294 450 1356 509 in
1399 450 1667 512 medium
1707 453 1996 526 proferat.
2075 454 2291 528 Itaque

215 546 409 611 quum
438 534 538 595 ille
569 533 877 608 discessit,
907 541 1032 594 tres
1061 550 1365 609 personas
1397 551 1557 594 unus
1588 530 1864 596 sustineo
1897 552 2134 596 summa
2161 544 2286 596 ani-

218 618 300 680 mi
327 617 664 693 aequitate,
697 634 926 692 meam,
955 616 1327 689 adversarii,
1357 614 1598 678 iudicis.
1658 617 1770 692 Qui
1798 620 1974 679 locus
2007 627 2102 679 est
2129 618 2287 693 talis,

220 711 284 764 ut
312 703 454 778 plus
483 701 706 761 habeat
735 699 1063 761 adiumenti
1094 718 1276 777 quam
1298 699 1703 772 incommodi,
1735 701 1897 763 hunc
1916 702 2119 763 iudico
2143 719 2289 763 esse

220 785 582 856 dicendum3
623 782 727 844 ubi
766 785 908 860 plus
950 783 1091 844 mali
1134 801 1316 859 quam
1358 782 1504 844 boni
1545 784 1821 859 reperio,
1865 783 1930 844 id
1963 792 2152 846 totum
2182 786 2289 845 ab-

218 868 359 929 dico
390 877 576 944 atque
604 865 803 928 eiicio.
873 864 1015 928 103.
1058 869 1146 928 Ita
1180 868 1522 942 adsequor,
1565 877 1633 929 ut
1659 866 1779 929 alio
1811 876 2090 943 tempore
2121 867 2289 943 cogi-

219 962 338 1013 tem
382 950 531 1027 quid
574 951 771 1010 dicam
816 958 878 1011 et
917 949 1036 1011 alio
1077 950 1306 1023 dicam;
1352 968 1511 1026 quae
1556 952 1680 1012 duo
1723 949 2004 1027 plerique
2042 949 2289 1025 ingenio

220 1036 354 1096 l'reti
384 1034 562 1096 simul
595 1032 840 1095 faciunt.
898 1033 1025 1094 Sed
1059 1043 1224 1095 certe
1253 1033 1454 1095 eidem
1488 1033 1573 1094 illi
1602 1034 1820 1096 melius
1856 1033 2168 1109 aliquanto
2199 1033 2289 1093 di-

219 1126 447 1192 cerent,
479 1118 532 1178 si
560 1116 728 1177 aliud
755 1117 1120 1178 sumendum
1151 1116 1268 1177 sibi
1298 1127 1540 1193 tempus
1571 1119 1653 1179 ad
1681 1118 2090 1194 cogitandum,
2123 1116 2286 1178 aliud

216 1202 298 1261 ad
328 1201 654 1262 dicendum
682 1209 984 1276 putarent.

387 1282 529 1347 104.
571 1284 767 1358 Quum
813 1301 943 1345 rem
999 1286 1245 1361 penitus
1316 1300 1692 1360 causamque
1734 1283 2030 1359 cognovi,
2088 1283 2290 1345 statim

218 1369 485 1432 occurrit
524 1367 727 1430 animo
771 1384 931 1444 quae
970 1367 1050 1430 sit
1089 1383 1279 1428 causa
1321 1366 1688 1444 ambigendi.
1766 1367 1924 1428 Nihil
1971 1376 2067 1429 est
2106 1366 2289 1443 enim,

220 1453 391 1529 quod
431 1451 588 1513 inter
624 1451 903 1513 homines
947 1450 1318 1526 ambigatur,
1360 1451 1494 1513 sive
1534 1468 1613 1512 ex
1642 1450 1894 1512 crimine
1923 1468 2115 1514 causa
2143 1468 2287 1513 eon-

218 1544 371 1610 stat,
403 1545 471 1597 ut
506 1535 828 1608 facinoris,
873 1536 1006 1597 sive
1036 1552 1113 1595 ex
1144 1534 1598 1611 controversia,
1632 1545 1699 1598 ut
1725 1535 2112 1610 hereditatiS‚
2154 1534 2287 1597 sive

219 1637 299 1680 ex
331 1618 800 1692 deliberatione,
832 1628 900 1681 ut
927 1618 1099 1691 belli,
1134 1619 1293 1697 [sive
1323 1637 1403 1681 ex
1432 1636 1731 1696 persona,
1760 1628 1827 1681 ut
1854 1618 2055 1680 laudis
2070 1620 2111 1698 ‚J
2154 1618 2288 1680 sive

217 1721 297 1765 ex
332 1701 775 1779 disputatione,
815 1712 880 1764 ut
915 1704 993 1763 de
1020 1703 1256 1765 ratione
1283 1702 1562 1776 vivendi3
1603 1702 1665 1764 in
1698 1720 1821 1779 quo
1852 1720 1977 1764 non
2007 1711 2112 1764 aut
2141 1701 2291 1777 quid

220 1788 444 1848 factum
487 1785 565 1847 sit
604 1795 708 1848 aut
747 1786 853 1848 fiat
881 1787 1226 1847 futurumve
1260 1785 1340 1847 sit
1375 1796 1702 1862 quaeratur
1728 1794 1831 1848 aut
1862 1788 2043 1862 quale
2073 1787 2152 1846 sit
2185 1795 2289 1845 aut

219 1869 372 1946 quid
398 1877 673 1932 vocetur.
757 1870 944 1931 XXV.
1002 1867 1144 1932 105.
1197 1869 1292 1929 Ac
1335 1878 1583 1931 nostrae
1632 1871 1761 1931 fere
1814 1885 2076 1944 causae,
2130 1885 2288 1944 quae

220 1953 467 2032 quidem
501 1962 644 2016 sunt
677 1952 1022 2027 criminum,
1064 1956 1426 2030 plerumque
1466 1951 1825 2015 infitiatione
1858 1953 2288 2014 defenduntur.

210 2037 369 2098 Nam
399 2047 460 2099 et
489 2041 567 2099 de
597 2036 877 2114 pecuniis
907 2036 1295 2113 repetundiS,
1334 2053 1494 2111 quae
1521 2037 1821 2097 maximae
1853 2044 2024 2110 sunt,
2059 2052 2288 2110 negan-

217 2124 299 2183 da
328 2122 455 2183 sere
486 2131 628 2183 sunt
656 2119 888 2192 omnia;
927 2129 989 2182 et
1016 2122 1095 2181 de
1124 2118 1353 2181 ambitu
1378 2137 1519 2182 raro
1550 2119 1701 2181 illud
1730 2121 1939 2195 datur,
1977 2128 2045 2181 ut
2074 2117 2288 2195 possis

217 2204 638 2267 liberalitatem
678 2214 862 2281 atque
903 2203 1335 2281 benignitatem
1370 2205 1448 2265 ab
1487 2203 1716 2267 ambitu
1749 2212 1934 2281 atque
1969 2201 2292 2279 largitione

218 2289 563 2365 seiungere.
635 2291 722 2349 De
765 2287 1033 2362 sicariiS,
1075 2290 1153 2349 de
1201 2286 1547 2362 veneficiiS‚
1593 2289 1672 2350 de
1716 2289 2005 2365 peculatu
2045 2284 2290 2349 infitiari

215 2389 479 2434 necesse
509 2382 622 2433 est.
680 2373 750 2432 Id
778 2381 873 2433 est
901 2371 1083 2447 igitur
1103 2388 1301 2447 genus
1324 2370 1588 2448 primum
1610 2388 1935 2434 causarum
1959 2374 2020 2432 in
2043 2369 2288 2434 iudiciis

215 2473 296 2516 ex
321 2455 744 2518 controversia
766 2454 937 2525 raeti3
964 2453 1026 2515 in
1046 2454 1586 2517 deliberationibus
1612 2458 1975 2533 plerumque
1988 2473 2070 2518 ex
2087 2453 2289 2530 futuri,

212 2557 356 2601 raro
382 2557 460 2601 ex
486 2538 767 2600 instantis
790 2549 894 2601 aut
918 2537 1078 2600 facti.
1119 2536 1258 2600 106.
1288 2538 1491 2614 Saepe
1515 2539 1696 2600 etiam
1718 2557 1820 2600 res
1845 2557 1968 2601 non
1993 2539 2073 2601 sit
2095 2554 2291 2600 necne

215 2625 332 2686 sed
363 2622 563 2699 qualis
595 2621 674 2683 sit
703 2621 1042 2697 quaerum-3
1075 2632 1143 2683 ut
1173 2640 1361 2699 quum
1388 2623 1453 2681 L.
1473 2622 1694 2697 Opimii
1718 2640 1969 2684 causam
1998 2623 2290 2684 defende-

215 2710 322 2769 bat
347 2707 517 2782 apud
546 2707 861 2782 populum,
889 2704 1176 2767 audiente
1203 2722 1321 2778 me,
1351 2706 1414 2765 C.
1446 2704 1642 2767 Carbo
1674 2707 1911 2778 consul,
1942 2704 2091 2765 nihil
2121 2706 2200 2765 de
2226 2705 2288 2764 C.

214 2790 478 2852 Gracchi
507 2807 660 2850 nece
688 2790 985 2866 negabat,
1018 2791 1132 2851 sed
1165 2789 1230 2850 id
1258 2788 1392 2849 iure
1422 2805 1537 2864 pro
1574 2791 1771 2850 salute
1799 2787 2034 2865 patriae
2065 2788 2290 2848 sactum

213 2891 361 2936 esse
397 2873 668 2945 dicebat3
700 2883 765 2935 ut
794 2872 994 2934 eidem
1018 2871 1277 2935 Carboni
1303 2871 1547 2934 tribuno
1573 2870 1772 2947 plebis
1796 2871 1917 2932 alia
1938 2881 2065 2933 tum
2087 2879 2291 2932 mente

211 2975 345 3019 rem
389 2956 695 3033 publicam
725 2957 1079 3032 capessenti
1106 2958 1170 3017 P.
1198 2955 1531 3018 Africanus
1567 2956 1644 3017 de
1678 2954 1766 3016 Ti.
1801 2956 2078 3017 Graccho
2108 2956 2290 3017 inter-

215 3040 456 3117 roganti
499 3041 908 3116 responderat
945 3038 1079 3100 iure
1121 3056 1372 3102 caesum
1412 3040 1627 3101 videri.
1683 3041 1821 3101 Iure
1853 3050 2057 3103 autem
2087 3037 2293 3100 omnia

212 3126 659 3199 defenduntur,
702 3141 864 3200 quae
906 3133 1048 3185 sunt
1088 3126 1222 3185 eius
1264 3123 1543 3200 generiS,
1584 3132 1651 3185 ut
1687 3131 1792 3185 aut
1823 3123 2162 3200 oportuerit
2188 3129 2294 3183 aut

213 3207 455 3270 licuerit
513 3217 618 3269 aut
667 3224 930 3269 necesse
974 3207 1153 3270 fuerit
1194 3217 1300 3269 aut
1342 3206 1754 3283 imprudentia
1793 3215 1895 3267 aut
1933 3223 2085 3267 casu
2131 3206 2294 3266 facta

211 3309 363 3353 esse
393 3290 733 3353 videantur.
793 3288 933 3353 107.
964 3292 1091 3352 Iam
1123 3290 1271 3367 quid
1299 3302 1558 3352 vocetur
1580 3287 1919 3366 quaeritur,
1953 3306 2137 3364 quum
2166 3305 2290 3365 quo

211 3375 410 3436 verbo
450 3375 596 3450 quid
638 3375 1072 3451 appellandum
1115 3374 1194 3437 sit
1238 3373 1657 3445 contenditur3
1701 3381 1768 3434 ut
1807 3371 1953 3433 mihi
1991 3371 2114 3448 ipsi
2153 3390 2290 3435 cum

211 3458 336 3518 hoc
367 3457 643 3531 Sulpicio
676 3457 786 3519 suit
819 3457 879 3518 in
909 3457 1176 3520 Norbani
1212 3474 1405 3519 causa
1435 3473 1673 3518 summa
1703 3456 2031 3518 contentio.
2087 3457 2285 3519 Piera.

1803 3548 1837 3597 6
1853 3542 1882 3575 4
