2622 3908
315 265 396 325 42
1096 265 1193 325 DE
1246 263 1612 324 ORATORE

317 415 632 492 plissimus
691 419 956 489 quisque
998 424 1058 474 et
1102 414 1480 475 clarissimus
1524 414 1648 488 vir,
1697 421 1765 475 ut
1807 412 1940 488 ille,
1993 412 2097 489 qui
2141 421 2393 488 propter

317 498 473 558 hanc
508 496 658 557 iuris
690 496 887 557 civilis
913 496 1229 559 scientiam
1256 499 1345 558 sic
1367 500 1713 574 appellatus
1735 514 1773 557 a
1794 513 2031 557 summo
2057 500 2242 572 poeta
2266 505 2363 557 est

530 597 789 671 Eqreqie
827 598 1104 657 cordatus
1143 599 1310 658 homo
1326 645 1341 671 ‚
1385 607 1553 659 catus
1593 599 1780 660 Aeliu'
1824 598 2056 670 Sextus,

318 699 614 773 multique
651 705 999 773 praeterea,
1048 697 1184 773 qui,
1232 715 1421 773 quum
1451 696 1695 773 ingenio
1723 695 1840 757 sibi
1861 705 2113 758 auctore
2136 696 2390 772 dignita-

319 791 439 842 tem
461 781 880 857 peperissent,
927 782 1362 855 perfecerunt‚'
1391 789 1459 842 ut
1480 780 1540 840 in
1562 780 1999 855 respondendo
2030 781 2161 841 iure
2183 790 2392 841 aucto-

319 866 495 925 ritate
519 866 660 940 plus
687 862 888 938 etiam,
915 881 1097 938 quam
1120 863 1260 938 ipso
1285 863 1529 939 ingenio
1553 865 1846 925 valerent.
1912 862 2053 925 199.
2080 862 2394 924 Senectuti

321 966 470 1009 vero
518 948 922 1008 celebrandae
964 956 1026 1007 et
1070 948 1383 1008 ornandae
1428 948 1597 1024 quod
1641 945 1961 1008 honestius
2007 954 2212 1022 potest
2249 963 2394 1007 esse

321 1032 698 1108 perfugium,
757 1047 939 1106 quam
998 1030 1147 1092 iuris
1203 1030 1664 1106 interpretatio?
1743 1029 2043 1106 Equidem
2085 1030 2232 1090 mihi
2274 1030 2395 1091 hoc

321 1114 663 1176 subsidium
701 1112 821 1172 iam
856 1113 998 1174 inde
1033 1115 1111 1174 ab
1148 1113 1569 1176 adolescentia
1604 1113 1986 1189 comparavi,
2032 1130 2156 1174 non
2194 1115 2394 1175 solum

320 1200 401 1259 ad
437 1215 761 1259 causarum
796 1214 974 1257 usum
1014 1200 1351 1274 forensem,
1397 1200 1511 1258 sed
1548 1197 1729 1258 etiam
1768 1198 1847 1257 ad
1873 1197 2065 1258 decus
2088 1206 2273 1273 atque
2298 1215 2393 1258 or-

322 1292 672 1343 namentum
711 1281 1074 1354 senectutis,
1126 1290 1221 1355 ut,
1280 1299 1467 1357 quum
1511 1297 1608 1340 me
1641 1280 1836 1357 vires,
1894 1281 2062 1356 quod
2105 1283 2232 1342 sere
2273 1280 2393 1341 iam

322 1375 567 1440 tempus
595 1367 911 1437 adventat,
959 1366 1225 1426 deficere
1249 1365 1638 1441 coepissent,
1686 1365 1803 1425 ista
1829 1365 1905 1424 ab
1932 1364 2261 1425 solitudine
2285 1367 2395 1425 do-

323 1465 486 1509 mum
523 1465 721 1508 meam
754 1447 1147 1508 vindicarem.
1229 1448 1388 1522 Quid
1426 1457 1523 1508 est
1555 1446 1715 1506 enim
1747 1446 2155 1523 praeclarius,
2212 1465 2397 1523 quam

326 1530 665 1593 honoribus
721 1540 782 1591 et
835 1530 926 1591 rei
981 1531 1266 1606 publicae
1320 1529 1676 1592 muneribus
1732 1533 2120 1606 perfunctum
2183 1548 2396 1592 senem

326 1631 519 1691 posse
545 1631 658 1674 suo
682 1613 812 1674 iure
837 1614 1043 1675 dicere
1068 1614 1262 1691 idem,
1305 1616 1475 1691 quod
1509 1614 1674 1689 apud
1695 1614 1954 1687 Ennium
1978 1614 2141 1676 dicat
2160 1614 2261 1675 ille
2280 1615 2396 1693 Py·

327 1698 486 1759 thius
509 1698 763 1774 Apollo,
812 1714 881 1758 se
915 1715 1058 1759 esse
1094 1716 1264 1772 eum,
1308 1701 1470 1759 unde
1502 1700 1642 1770 sibi,
1683 1697 1883 1759 sinon
1904 1702 2119 1775 populi
2133 1706 2190 1759 et
2208 1717 2397 1774 reyes,

322 1790 386 1843 at
422 1798 637 1842 omnes
675 1781 771 1841 sui
806 1781 975 1843 cives
1007 1787 1316 1845 consilium
1348 1791 1657 1859 expetant,

532 1881 913 1942 Summarum
938 1898 1140 1942 rerum
1176 1883 1392 1941 incerti
1404 1901 1424 1940 .·
1460 1898 1605 1956 quos
1632 1897 1739 1956 eqo
1774 1896 1885 1957 ope
1912 1896 2045 1942 mea

531 1986 612 2029 ex
651 1972 892 2029 incertis
931 1976 1121 2031 certos
1159 1977 1561 2047 compotesque
1601 1972 1812 2031 consili

532 2055 755 2114 dimitto
769 2099 785 2127 ‚
825 2059 892 2113 ut
925 2071 1001 2113 ne
1036 2072 1134 2114 res
1176 2062 1389 2115 temere
1432 2060 1686 2115 tractent
1725 2054 2010 2113 turbidas.

323 2168 469 2230 200.
513 2169 625 2228 Est
659 2166 820 2227 enim
859 2166 993 2226 sine
1029 2167 1215 2228 dubio
1253 2170 1474 2227 domus
1509 2167 1659 2228 iuris
1688 2168 1950 2229 consulti
1974 2166 2158 2230 totius
2183 2185 2391 2229 oracu-

323 2256 450 2312 lum
486 2249 767 2310 civitatis.
839 2248 1038 2311 Testis
1073 2260 1168 2310 est
1200 2250 1459 2310 huiusce
1494 2251 1561 2325 Q.
1597 2251 1781 2311 Mucii
1814 2250 1999 2312 ianua
2034 2260 2095 2312 et
2129 2251 2396 2313 vestibu-

328 2338 480 2406 lum,
529 2333 698 2409 quod
739 2332 801 2393 in
845 2335 977 2393 eius
1023 2332 1438 2394 infirmissima
1481 2334 1832 2396 valetudine
1877 2336 2244 2410 adfectaque
2275 2335 2395 2395 iam

323 2426 524 2479 aetate
548 2416 814 2477 maxima
836 2415 1060 2478 cotidie
1085 2416 1428 2493 frequentia
1452 2417 1676 2479 civium
1711 2435 1783 2478 ac
1807 2436 2180 2480 summorum
2204 2417 2398 2479 homi·

326 2518 471 2563 num
496 2501 829 2576 splendore
852 2501 1209 2561 celebratur.

494 2585 703 2644 XLVI.
756 2583 897 2645 201.
943 2587 1069 2644 Iam
1103 2584 1208 2645 illa
1240 2602 1365 2646 non
1394 2587 1638 2661 longam
1666 2585 2002 2647 orationem
2027 2585 2396 2661 desiderant,

326 2668 725 2745 quamobrem
761 2667 1101 2729 existimem
1134 2670 1383 2744 publica
1418 2686 1669 2746 quoque
1697 2669 1858 2742 iura,
1905 2686 2063 2746 quae
2094 2677 2235 2729 sunt
2256 2685 2396 2743 pro·

328 2752 463 2830 pria
487 2751 751 2813 civitatis
773 2761 959 2828 atque
981 2751 1252 2828 imperii,
1300 2763 1422 2814 tum
1455 2762 1848 2815 monumenta
1868 2770 2069 2814 rerum
2089 2761 2400 2828 gestarum

327 2846 389 2898 et
418 2835 742 2898 vetustatis
776 2838 1060 2912 exempla
1096 2835 1328 2897 oratori
1362 2845 1507 2897 nota
1539 2854 1684 2898 esse
1721 2837 1964 2904 debere.
2041 2837 2190 2896 Nam
2235 2845 2302 2895 ut
2335 2834 2400 2895 in

328 2937 528 2980 rerum
575 2917 942 2993 privatarum
988 2919 1195 2981 causis
1239 2928 1426 2995 atque
1467 2919 1712 2981 iudiciis
1757 2920 2176 2995 depromenda
2209 2934 2400 2994 saepe

329 3002 522 3065 oratio
563 3010 660 3062 est
694 3018 770 3061 ex
807 3000 939 3062 iure
976 3002 1138 3062 civili
1180 3009 1241 3062 et
1273 3002 1536 3076 idcirco,
1581 3013 1648 3065 ut
1666 3017 1806 3066 ante
1830 3003 2126 3076 diximuS,
2172 3001 2400 3063 oratori

327 3085 478 3149 iuris
506 3083 703 3145 civilis
730 3083 984 3146 scientia
1006 3085 1364 3147 necessaria
1384 3095 1508 3161 est,
1557 3086 1649 3149 sic
1682 3089 1743 3148 in
1780 3088 1986 3148 causis
2016 3085 2280 3163 publicis
2308 3085 2401 3146 iu-

328 3168 655 3242 diciorum,
713 3167 1093 3242 contionum,
1156 3179 1408 3232 senatus
1466 3170 1665 3233 omnis
1713 3172 1867 3231 haec
1918 3179 1980 3232 et
2021 3169 2402 3246 antiquitatis

327 3251 620 3314 memoria
654 3261 715 3313 et
747 3251 976 3326 publici
1015 3252 1166 3314 iuris
1203 3254 1536 3316 auctoritas
1575 3264 1635 3316 et
1656 3256 1965 3330 regendae
1992 3254 2082 3315 rei
2118 3259 2404 3333 publicae

320 3342 475 3402 ratio
511 3359 584 3402 ac
618 3340 872 3402 scientia
903 3348 1218 3416 tamquam
1240 3340 1449 3415 aliqua
1476 3341 1768 3402 materies
1792 3341 1864 3401 iis
1893 3342 2264 3413 oratoribuS‚
2303 3340 2413 3417 qui

320 3434 652 3485 versantur
680 3426 745 3486 in
776 3443 846 3486 re
875 3424 1143 3501 publica,
1170 3424 1450 3485 subiecta
1480 3441 1625 3485 esse
1648 3426 1852 3485 debet.
1907 3425 2052 3486 202.
2085 3428 2219 3487 Non
2248 3426 2411 3486 enim

323 3509 701 3569 causidicum
733 3512 944 3570 nescio
993 3527 1178 3584 quem
1216 3525 1422 3586 neque
1463 3510 1940 3570 declamatorem
1982 3518 2090 3570 aut
2129 3511 2411 3570 rabulam
