2622 3908
292 242 412 306 116
1074 243 1170 301 DE
1201 242 1567 303 ORATORE

289 392 459 453 brevi
510 391 730 452 iniecta
766 392 824 451 in
857 392 1063 467 aliquo
1094 392 1320 467 insigni
1354 394 1431 451 ad
1461 392 1831 454 irridendum
1862 394 2009 456 vitio
2038 395 2344 470 reperian-

288 486 399 538 tur.
471 474 611 536 244.
658 476 721 534 ln
769 477 928 536 dicto
973 485 1174 536 autem
1218 475 1543 536 ridiculum
1586 476 1799 548 estid,
1848 479 2017 552 quod
2048 477 2216 537 verbi
2249 489 2348 540 aut

289 557 624 619 sententiae
649 559 914 633 quodam
938 559 1217 619 acumine
1241 569 1539 620 movetur.
1585 560 1707 619 Sed
1731 560 1877 619 utin
1902 560 2003 620 illo
2029 560 2347 635 superiore

289 659 513 718 genere
556 643 653 700 vel
697 640 1060 702 narrationis
1105 645 1199 701 vel
1243 641 1597 703 imitationis
1629 642 1877 703 vitanda
1907 652 2002 704 est
2031 644 2348 704 mimorum

287 726 708 799 ethologorum
734 719 1101 796 similitudo,
1135 725 1223 785 sic
1252 724 1313 784 in
1348 726 1466 784 hoc
1496 724 1768 785 scurrilis
1799 726 2024 787 oratori
2056 728 2348 788 dicacitas

288 825 507 882 magno
540 824 725 881 opere
753 806 1037 882 fugienda
1058 817 1171 867 est.
1232 805 1346 881 Qui
1375 807 1556 883 igitur
1576 807 2018 883 distinguemus
2042 827 2079 869 a
2102 810 2343 881 CraSSO,

287 910 325 951 a
354 890 562 951 Catulo
580 936 593 961 ,
625 907 661 949 a
690 889 947 950 caeteris
980 890 1332 950 familiarem
1363 900 1632 951 vestrum
1663 891 1948 952 Granium
1976 901 2080 953 aut
2107 895 2343 966 Vargu-

288 977 406 1034 lam
435 973 695 1035 amicum
727 982 967 1033 meum?
1021 975 1153 1033 Non
1183 973 1531 1034 mehercule
1562 974 1621 1033 in
1646 985 1905 1035 mentem
1929 977 2071 1034 mihi
2100 978 2345 1050 quidem

290 1057 483 1119 venit=
508 1065 649 1117 sunt
670 1057 828 1116 enim
852 1056 1131 1127 dicaces;
1158 1056 1384 1116 Granio
1413 1056 1656 1131 quidem
1680 1076 1859 1118 nemo
1875 1059 2163 1119 dicacior.
2194 1060 2345 1133 Hoc,

290 1140 538 1216 opinor,
583 1141 869 1215 primum,
915 1157 1023 1211 ne,
1068 1139 1622 1215 quotienscumque
1653 1142 1916 1214 potuerit
1946 1142 2169 1202 dictum
2202 1141 2343 1214 dici,

288 1240 547 1284 necesse
597 1223 931 1283 habeamus
981 1223 1204 1283 dicere.
1282 1222 1424 1285 245.
1478 1223 1739 1284 Pusillus
1790 1223 1963 1284 testis
2021 1226 2346 1299 processit.

287 1307 530 1376 Licet,
573 1305 799 1381 inquit,
844 1315 1166 1381 rogare?
1207 1306 1546 1382 Philippus.
1602 1309 1751 1367 Tum
1781 1307 2094 1382 quaesitor
2121 1324 2344 1383 prope-

287 1408 461 1450 rans:
502 1389 724 1449 Modo
753 1390 1118 1450 breviter.
1179 1391 1291 1449 Hic
1321 1389 1453 1449 ille=
1495 1390 1646 1450 Non
1677 1390 2112 1450 accusabis
2171 1391 2345 1449 Per-

289 1470 661 1549 pusillum
691 1472 1006 1547 rogabo.
1062 1472 1361 1533 Ridicule.
1422 1472 1546 1532 Sed
1577 1474 1830 1534 sedebat
1858 1472 2045 1534 iudex
2076 1474 2143 1533 L.
2168 1472 2345 1533 Auri-

291 1568 392 1621 fex
424 1561 671 1620 brevior
698 1561 834 1634 ipse
864 1577 1044 1635 quam
1074 1560 1279 1629 testiS,
1314 1567 1375 1618 et
1412 1560 1527 1618 iam
1559 1560 1754 1619 omnis
1787 1572 1881 1619 est
1914 1562 2071 1619 risus
2102 1561 2161 1617 in
2197 1559 2347 1618 iudi-

292 1662 423 1704 cem
466 1660 837 1714 conversus3
887 1642 1080 1702 visum
1125 1652 1222 1702 est
1262 1650 1456 1702 totum
1500 1644 1758 1703 scurrile
1805 1642 2109 1701 iudicium.
2182 1643 2345 1717 Ergo

292 1726 462 1799 haec,
496 1743 656 1800 quae
688 1727 910 1785 cadere
939 1734 1204 1800 possunt
1225 1725 1282 1784 in
1313 1742 1468 1799 quos
1503 1724 1680 1794 nolis,
1708 1726 1985 1799 quamvis
2017 1725 2137 1785 sint
2166 1726 2345 1795 bella,

292 1820 435 1870 sunt
457 1819 657 1870 tamen
688 1810 823 1883 ipso
855 1826 1083 1884 genere
1114 1807 1409 1868 scurrilia.
1442 1808 1587 1867 246.
1618 1810 1697 1868 Ut
1725 1809 1860 1878 iste,
1887 1807 2082 1883 quise
2108 1811 2239 1867 vult
2263 1809 2345 1867 di-

293 1911 500 1954 cacem
539 1903 601 1953 et
639 1893 985 1953 mehercule
1023 1902 1147 1963 est,
1188 1891 1429 1967 Appius
1504 1892 1613 1950 sed
1651 1908 2106 1967 nonnumquam
2138 1892 2194 1949 in
2229 1891 2350 1950 hoc

292 1978 500 2038 vitium
533 1977 787 2038 scurrile
830 1976 1148 2036 delabitur.
1202 1976 1449 2035 Cenab
1469 1993 1534 2046 o,
1582 1975 1804 2049 inquit,
1848 1977 2046 2050 apud
2076 1986 2177 2044 te,
2207 1974 2347 2034 huic

293 2065 468 2121 lusco
501 2060 774 2121 familiari
805 2076 962 2132 me0‚
996 2061 1059 2120 C.
1094 2058 1337 2121 Sextio:
1380 2059 1510 2118 uni
1542 2058 1730 2117 enim
1764 2061 2006 2118 locum
2040 2074 2215 2117 esse
2247 2057 2349 2116 vi·

295 2146 456 2203 den.
493 2146 601 2203 Est
628 2144 746 2202 hoc
776 2142 1030 2202 scurrile
1061 2142 1333 2216 quidem,
1370 2149 1430 2200 et
1463 2142 1630 2214 quod
1659 2141 1792 2201 sine
1821 2157 2008 2200 causa
2041 2140 2351 2200 lacessivit

295 2235 355 2285 et
382 2234 582 2285 tamen
608 2227 668 2285 id
697 2225 862 2296 dixit,
896 2226 1063 2299 quod
1095 2224 1154 2283 in
1180 2241 1395 2283 omnes
1422 2228 1631 2283 luscos
1655 2227 2030 2284 conveniret.
2077 2225 2180 2293 Ea,
2208 2222 2349 2297 quia

295 2310 578 2367 meditata
601 2315 888 2381 putantur
918 2323 1078 2376 esse,
1101 2305 1297 2366 minus
1323 2306 1614 2366 ridentur.
1656 2308 1809 2367 Illud
1834 2307 2144 2381 egregium
2161 2307 2349 2366 Sextii

298 2398 360 2449 et
382 2406 458 2449 ex
480 2398 784 2463 tempore:
809 2390 969 2448 Man
986 2403 1072 2448 us
1099 2391 1301 2460 lava,
1326 2389 1626 2465 inquit‚et
1650 2406 1778 2450 cen
1795 2406 1851 2448 a.
1875 2391 1952 2449 24
1967 2390 2351 2464 7.Temporis

296 2469 477 2544 igitur
517 2471 670 2530 ratio
715 2482 774 2531 et
807 2472 1004 2546 ipsius
1036 2473 1376 2537 dicacitatis
1412 2475 1746 2537 moderatio
1777 2485 1837 2536 et
1865 2471 2266 2549 temperantia
2294 2480 2354 2533 et

293 2552 507 2612 raritas
537 2552 834 2614 dictorum
864 2556 1193 2632 distinguet
1222 2571 1526 2621 oratorem
1557 2578 1593 2619 a
1625 2577 1866 2619 scurra=
1911 2566 1999 2626 et,
2040 2557 2204 2631 quod
2238 2572 2354 2616 nos

294 2652 431 2694 cum
476 2652 663 2696 causa
709 2637 999 2708 dicimus,
1039 2658 1161 2700 non
1199 2653 1264 2702 ut
1306 2643 1547 2704 ridiculi
1579 2642 1922 2714 videamur,
1968 2640 2078 2700 sed
2119 2648 2183 2700 ut
2215 2656 2354 2712 pro-

294 2717 567 2800 ficiamus
613 2719 872 2794 aliquid,
921 2722 1004 2783 illi
1048 2733 1237 2788 totum
1276 2728 1419 2787 dien
1476 2736 1537 2786 et
1567 2725 1698 2786 sine
1728 2742 1932 2786 causa.
2004 2722 2162 2797 Quid
2193 2720 2354 2782 enim

292 2809 386 2861 est
429 2804 698 2878 Vargula
740 2806 1103 2880 adsecutuS‚
1148 2827 1332 2883 quum
1383 2827 1522 2870 eum
1566 2809 1927 2869 candidatus
1958 2809 2032 2866 A.
2066 2807 2355 2880 Sempro-

293 2883 430 2945 nius
486 2902 623 2946 cum
664 2887 743 2945 Μ.
791 2905 904 2949 suo
959 2891 1139 2951 fratre
1182 2893 1548 2967 complexus
1591 2901 1785 2952 esset=
1861 2892 2077 2956 Puer,
2125 2888 2359 2962 abige

290 2978 641 3028 muscas?
709 2971 919 3031 Risum
968 2974 1298 3047 quaesivit,
1352 2974 1456 3052 qui
1499 2985 1593 3038 est
1632 2993 1767 3035 mea
1810 2974 2110 3036 sententia
2139 2973 2237 3031 vel
2266 2981 2358 3031 te·

294 3050 623 3114 nuissimus
670 3054 892 3128 ingenii
924 3057 1173 3117 fructus.
1242 3060 1517 3134 Tempus
1547 3058 1727 3134 igitur
1758 3058 1999 3119 dicendi
2033 3054 2358 3131 prudentia

291 3144 351 3195 et
378 3135 670 3209 gravitate
699 3138 1178 3210 moderabimur3
1213 3160 1476 3215 quarum
1499 3143 1725 3203 utinam
1751 3150 1938 3202 artem
1963 3140 2224 3212 aliquam
2247 3139 2357 3197 ha-

290 3220 607 3290 beremus!
656 3222 765 3280 sed
799 3222 1044 3281 domina
1071 3232 1285 3284 natura
1325 3235 1435 3287 est.

457 3304 603 3362 LXI.
628 3303 768 3365 248.
795 3307 963 3364 Nunc
986 3322 1369 3381 exponamus
1402 3326 1626 3383 genera
1648 3308 1784 3384 ipsa
1810 3308 2169 3377 summatim,
2195 3323 2359 3379 quae

292 3384 478 3443 risum
512 3386 771 3468 maxime
800 3398 1103 3450 moveant.
1162 3391 1329 3451 Haec
1369 3390 1550 3465 igitur
1573 3392 1650 3453 sit
1675 3392 1867 3466 prima
1895 3389 2155 3465 partiti0‚
2187 3389 2359 3463 quod

293 3463 488 3525 tacete
518 3467 780 3534 dicatur,
819 3469 881 3528 id
909 3473 1059 3531 alias
1090 3471 1148 3530 in
1180 3489 1246 3533 re
1275 3474 1540 3540 habere.
1571 3474 1720 3534 alias
1748 3473 1808 3533 in
1840 3474 2029 3533 verbo
2065 3471 2357 3536 facetiasz
