2622 3908
720 231 864 289 ΜΒ.
896 231 968 289 11.
1015 229 1180 290 CAP.
1211 238 1473 292 19—21.
1515 236 1569 296 s.
1597 238 1861 292 80—89.
2249 223 2333 291 79

260 390 603 458 acceperitz
645 381 956 457 temptabo
1005 380 1152 456 quid
1193 382 1442 454 deceat,
1487 381 1636 456 quid
1672 398 1859 456 voce,
1902 381 2051 456 quid
2077 381 2330 456 viribuS,

262 465 414 544 quid
445 465 692 541 spiritu,
726 464 874 541 quid
903 465 1110 540 liugua
1138 465 1387 525 efficere
1420 463 1640 540 possit.
1700 464 1766 524 Si
1787 464 2116 541 intelligam
2139 481 2336 541 posse

260 551 342 611 ad
371 566 644 611 summos
675 546 1026 625 pervenire,
1057 564 1182 608 non
1213 548 1413 607 solum
1443 548 1764 624 hortabor,
1792 557 1859 609 ut
1885 549 2186 620 elaboret,
2221 548 2335 609 sed

259 633 474 703 etiam,
516 633 573 693 si
599 632 695 693 vir
725 648 974 707 quoque
1001 633 1204 692 bonus
1234 630 1379 691 mihi
1417 631 1718 692 videbitur
1747 648 1921 703 esse,
1967 633 2333 694 obsecrabo.

261 720 515 778 Tantum
560 733 676 792 ego
720 716 780 775 in
811 716 1150 776 excellente
1190 723 1434 776 oratore
1464 723 1525 776 et
1550 716 1769 775 eodem
1803 716 1969 776 bono
2001 715 2133 776 viro
2166 733 2333 791 pono

264 817 406 861 esse
431 799 770 860 ornamenti
791 798 1118 879 universae
1144 797 1390 858 civitati.
1435 798 1543 859 Sin
1568 797 1886 872 videbitur,
1922 817 2108 873 quum
2132 797 2335 860 omnia

263 900 500 946 summa
530 882 771 957 lecerit,
813 890 1013 944 tamen
1053 882 1135 941 ad
1162 881 1507 943 mediocres
1538 891 1815 944 oratores
1846 898 1990 942 esse
2019 890 2332 955 venturuS,

259 966 604 1045 permittam
647 966 768 1042 ipsi
813 965 961 1041 quid
1002 964 1176 1035 velit;
1224 966 1522 1027 molestus
1565 982 1786 1042 magno
1831 982 2021 1042 opere
2050 983 2172 1027 non
2206 982 2324 1029 ero.

261 1051 370 1114 Sin
402 1053 587 1127 plane
615 1048 966 1111 abhorrebit
992 1057 1054 1109 et
1080 1048 1194 1109 erit
1220 1048 1563 1125 absurdus,
1592 1059 1658 1110 ut
1686 1066 1757 1110 se
1786 1049 2094 1111 contineat
2122 1057 2227 1110 aut
2255 1051 2330 1109 ad

263 1135 433 1195 aliud
465 1133 734 1196 studium
761 1135 1109 1205 transferat,
1139 1133 1503 1194 admonebo
1560 1133 1661 1195 86.
1704 1134 1854 1193 Nam
1882 1151 2087 1209 neque
2115 1132 2191 1208 is,
2230 1133 2335 1208 qui

259 1220 490 1296 optime
519 1226 753 1294 potest,
801 1216 1184 1277 deserendus
1213 1217 1339 1275 ullo
1369 1218 1552 1277 modo
1583 1226 1678 1278 est
1705 1234 1742 1276 a
1771 1217 2195 1278 cohortatione
2224 1234 2335 1277 no-

260 1312 389 1364 stra
418 1318 618 1377 neque
645 1299 719 1373 is,
755 1299 860 1377 qui
887 1299 1119 1374 aliquid
1149 1307 1371 1373 potest,
1406 1288 1838 1361 deterrendu‘se
1882 1302 2050 1375 quod
2079 1303 2335 1362 alterum

260 1384 592 1446 divinitatis
633 1383 779 1444 mihi
821 1382 1139 1444 cuiusdam
1179 1383 1449 1456 videtur,
1494 1385 1779 1460 alterum,
1821 1387 1923 1445 vel
1965 1401 2090 1445 non
2131 1387 2333 1445 facere

264 1469 435 1546 quod
474 1486 596 1530 non
640 1467 866 1544 optime
909 1465 1153 1542 possis,
1194 1468 1294 1527 vel
1337 1469 1542 1528 facere
1586 1470 1756 1544 quod
1788 1486 1912 1530 non
1940 1468 2214 1546 pessime
2247 1471 2331 1530 sa-

260 1554 424 1627 cias,
465 1551 885 1627 humanitatiS,
925 1550 1168 1612 tertium
1195 1566 1345 1613 vero
1375 1550 1555 1627 illud,
1599 1555 1861 1614 clamare
1906 1563 2117 1615 contra
2151 1570 2333 1630 quam

261 1639 479 1697 deceat
506 1643 568 1696 et
596 1652 780 1711 quam
808 1633 1025 1711 possit,
1054 1633 1319 1696 hominis
1350 1644 1461 1709 est,
1493 1644 1560 1697 ut
1587 1645 1671 1711 tu,
1701 1637 1927 1710 Catule,
1960 1639 2039 1699 de
2063 1639 2334 1713 quodam

261 1723 589 1781 clamatore
618 1718 843 1792 dixisti,
874 1718 1160 1779 stultitiae
1183 1734 1335 1778 suae
1367 1736 1550 1795 quam
1579 1720 1876 1796 plurimos
1905 1729 2096 1783 testes
2124 1722 2332 1782 dome-

262 1804 415 1864 stico
445 1803 777 1880 praeconio
810 1800 1171 1877 colligentis.
1226 1800 1330 1863 87.
1374 1803 1466 1862 De
1493 1803 1613 1864 hoc
1641 1802 1852 1878 igitur,
1896 1804 2000 1879 qui
2030 1803 2143 1865 erit
2173 1803 2330 1878 taliS,

262 1897 327 1949 ut
357 1887 771 1948 cohortandus
801 1884 1315 1960 adiuvandusque
1344 1884 1454 1959 sit,
1495 1884 1579 1946 ita
1621 1888 1973 1963 loquamur,
2014 1897 2082 1947 ut
2129 1889 2186 1947 ei
2215 1897 2330 1948 tra·

262 1974 479 2033 damus
511 1988 586 2032 ea
613 1972 956 2044 dumtaxat,
989 1985 1148 2044 quae
1175 1985 1294 2029 nos
1323 1986 1477 2032 usus
1506 1970 1746 2044 docuit,
1775 1980 1842 2031 ut
1863 1970 2043 2031 nobis
2069 1972 2332 2032 ducibus

269 2055 468 2117 ueniat
495 2072 570 2116 eo
589 2101 604 2129 ,
639 2073 762 2131 quo
795 2053 931 2115 sine
960 2054 1119 2113 duce
1148 2051 1271 2129 ipsi
1299 2052 1727 2129 pervenimus,
1760 2052 2049 2128 quoniam
2078 2053 2329 2116 meliora

259 2141 488 2200 docere
515 2155 640 2200 non
668 2155 1023 2215 possumus.

428 2223 581 2283 XXI.
638 2221 739 2284 88.
794 2226 999 2297 Atque
1041 2229 1107 2281 ut
1144 2238 1183 2280 a
1224 2218 1501 2281 familiari
1542 2231 1754 2282 nostro
1798 2221 2117 2296 exordiar,
2169 2222 2330 2283 hunc

261 2323 409 2382 ego,
441 2307 680 2378 Catule,
715 2304 1053 2381 Sulpicium
1080 2303 1342 2380 primum
1369 2302 1432 2364 in
1463 2321 1653 2366 causa
1681 2308 1938 2381 parvula
1966 2308 2328 2368 adolescen-

264 2392 449 2452 tulum
491 2389 699 2451 audivi
745 2406 900 2450 voce
943 2397 1003 2449 et
1044 2390 1238 2449 forma
1267 2398 1327 2450 et
1354 2398 1523 2450 motu
1552 2390 1831 2466 corporis
1862 2401 1924 2452 et
1948 2390 2207 2466 reliquis
2235 2406 2328 2451 re-

263 2491 377 2537 ous
407 2473 570 2550 aptis
600 2474 679 2533 ad
709 2474 828 2534 hoc
856 2488 1111 2543 munuS,
1146 2473 1222 2531 de
1255 2488 1379 2547 quo
1413 2476 1793 2549 quaerimus,
1826 2476 2102 2536 oratione
2127 2484 2331 2536 autem

259 2557 444 2618 celeri
474 2566 534 2618 et
564 2556 897 2630 concitata,
929 2554 1098 2631 quod
1128 2563 1257 2615 erat
1286 2554 1544 2629 ingenii,
1590 2568 1651 2619 et
1681 2558 1883 2619 verbis
1915 2560 2329 2621 effervescen-

260 2641 421 2702 tibus
472 2649 532 2701 et
581 2643 788 2717 paullo
841 2637 1090 2699 nimium
1141 2638 1657 2713 redundantibuS,
1711 2643 1881 2716 quod
1920 2651 2051 2703 erat
2093 2642 2327 2703 aetatis,

256 2725 391 2785 Non
422 2741 558 2784 sum
587 2730 986 2800 aspernatus;
1020 2722 1163 2783 volo
1194 2720 1355 2782 enim
1387 2739 1456 2781 se
1486 2723 1701 2784 efferat
1727 2722 1788 2783 in
1818 2725 2218 2786 adolescente
2244 2727 2328 2784 fe·

257 2806 559 2868 cunditas.
615 2809 766 2868 Nam
809 2806 968 2867 sicut
1005 2805 1242 2866 facilius
1273 2804 1335 2865 in
1363 2804 1589 2867 vitibus
1618 2816 1987 2868 revocantur
2014 2825 2119 2882 ea,
2168 2824 2328 2882 quae

257 2907 403 2953 sese
431 2890 679 2952 nimium
706 2891 1131 2966 profuderunt,
1164 2907 1365 2965 quam,
1397 2890 1450 2950 si
1473 2889 1620 2950 nihil
1643 2892 1806 2953 valet
1827 2892 2132 2967 materies,
2165 2909 2330 2953 nova

256 2983 565 3036 sarmenta
596 2978 832 3037 cultura
860 2972 1228 3044 excitantur,
1273 2974 1417 3035 item
1458 2976 1603 3036 volo
1642 2992 1787 3037 esse
1817 2975 1879 3036 in
1908 2979 2326 3050 adolescente,

253 3060 421 3120 unde
460 3058 690 3134 aliquid
730 3067 1055 3134 amputem.
1125 3058 1257 3118 Non
1301 3058 1462 3117 enim
1502 3069 1709 3136 potest
1747 3060 1808 3120 in
1852 3079 1927 3121 eo
1959 3078 2103 3122 esse
2136 3077 2327 3121 sucus

252 3141 609 3219 diuturnuS,
652 3143 822 3219 quod
861 3140 1041 3201 nimis
1080 3140 1357 3201 celeriter
1385 3150 1481 3203 est
1509 3143 1912 3205 maturitatem
1942 3146 2323 3204 adsecutum.

251 3226 356 3288 89.
400 3225 544 3286 Vidi
587 3226 789 3289 statim
829 3225 1097 3285 indolem
1142 3241 1344 3300 neque
1385 3224 1589 3287 dimisi
1629 3238 1871 3303 tempus
1915 3239 1976 3288 et
2018 3244 2159 3288 eum
2191 3244 2325 3287 sum

252 3310 640 3384 cohortatuS,
682 3319 748 3371 ut
778 3311 977 3370 sorum
1007 3307 1123 3368 sibi
1159 3310 1370 3369 ludum
1391 3320 1632 3384 putaret
1659 3327 1803 3371 esse
1832 3311 1911 3369 ad
1943 3309 2325 3386 discendum,

249 3392 608 3469 magistrum
640 3402 874 3466 autem,
906 3410 1089 3468 quem
1117 3393 1331 3467 vellet,
1362 3391 1642 3468 eligeret=
1673 3411 1771 3454 me
1802 3393 2051 3470 quidem
2076 3395 2132 3455 si
2155 3397 2324 3456 audi-

250 3487 374 3544 ret,
420 3478 487 3537 L.
521 3477 827 3538 Crassum.
910 3477 1085 3550 Quod
1136 3476 1254 3537 iste
1299 3476 1565 3551 adripuit
1614 3476 1791 3538 etita
1834 3495 1976 3539 sese
2023 3480 2322 3542 facturum
