2622 3908
261 231 343 294 60
1040 232 1142 292 DE
1189 227 1560 292 ORATORE

259 392 322 445 et
345 385 414 446 L.
450 383 749 444 Cicerone
781 391 1004 458 patruo
1044 383 1433 454 solebamuS,
1479 381 1651 456 quod
1694 381 1773 441 de
1803 380 2027 441 Crasso
2062 387 2239 456 pater
2269 387 2336 441 et

258 466 522 537 Aculeo,
558 484 827 542 quocum
851 475 983 528 erat
1005 476 1221 529 nostra
1246 474 1593 537 matertera,
1620 481 1801 540 quem
1830 464 2093 525 Crassus
2118 464 2333 525 dilexit
2361 506 2365 517 .

260 567 337 611 ex
374 548 658 612 omnibus
690 551 1039 628 plurimum,
1085 558 1146 612 et
1176 558 1453 627 patruuS,
1489 550 1595 625 qui
1627 565 1764 610 cum
1799 546 2073 610 Antonio
2104 548 2163 609 in
2195 549 2327 608 Cili·

262 636 420 695 ciam
454 637 772 712 profectus
808 653 934 696 una
964 637 1358 707 decesserat,
1402 638 1592 695 multa
1632 633 1813 694 nobis
1845 634 1923 694 de
1956 633 2090 694 eius
2122 632 2328 692 studio

260 720 668 795 doctrinaque
701 736 896 795 saepe
926 721 1226 789 narravit;
1263 734 1583 794 quumque
1611 734 1728 778 nos
1761 734 1900 777 curn
1934 716 2332 778 consobrinis

261 803 514 884 nostriS,
538 802 884 865 Aculeonis
917 804 1074 872 filiis,
1110 812 1172 865 et
1202 820 1275 863 ea
1307 804 1711 873 disceremuS‚
1746 818 1908 876 quae
1940 802 2162 862 Crasso
2196 803 2328 876 pla·

265 896 494 960 cerent,
524 896 587 949 et
609 890 685 949 ab
709 891 783 950 iis
812 888 1196 959 doctoribuS‚
1225 888 1449 962 quibus
1472 889 1575 947 ille
1598 893 1895 957 uteretur,
1923 887 2331 954 erudiremur,

261 973 443 1033 etiam
487 973 636 1033 illud
680 989 872 1048 saepe
915 971 1358 1044 intelleximuS‚
1404 989 1593 1046 quum
1636 986 1921 1032 essemus
1964 970 2097 1031 eius
2141 970 2328 1038 domi,

262 1058 431 1132 quod
461 1059 561 1116 vel
594 1057 769 1131 pueri
794 1057 1027 1117 sentire
1056 1064 1436 1132 poteramuS,
1469 1055 1637 1115 illum
1670 1062 1731 1114 et
1764 1055 2002 1114 Graece
2024 1053 2114 1115 sic
2138 1053 2329 1129 loqui,

260 1144 490 1202 nullam
519 1148 588 1201 ut
618 1157 809 1202 nosse
842 1140 1023 1200 aliam
1054 1140 1324 1217 linguam
1355 1139 1690 1210 videretur,
1723 1146 1786 1199 et
1820 1139 2184 1199 doctoribus
2220 1155 2326 1198 no-

260 1225 404 1287 stris
430 1241 503 1286 ea
520 1241 758 1301 ponere
782 1225 842 1285 in
863 1225 1287 1301 percontando
1306 1240 1510 1298 eaque
1531 1223 1737 1299 ipsum
1762 1222 1928 1283 omni
1950 1222 2009 1282 in
2035 1239 2330 1282 sermone

262 1317 560 1382 tractare,
598 1318 668 1371 ut
698 1308 843 1370 nihil
879 1326 1020 1371 esse
1049 1309 1106 1369 ei
1146 1325 1398 1380 novum,
1441 1308 1586 1368 nihil
1616 1307 1957 1368 inauditum
1991 1306 2324 1367 videretur.

260 1393 317 1454 3.
364 1396 457 1454 De
489 1388 764 1454 Antonio
799 1408 972 1465 vero,
1007 1410 1380 1469 quamquam
1411 1408 1604 1467 saepe
1634 1408 1712 1451 ex
1744 1389 2184 1452 humanissimo
2219 1391 2327 1450 ho-

259 1477 424 1537 mine
464 1485 684 1551 patruo
731 1484 948 1537 nostro
991 1492 1469 1551 acceperamus„
1523 1475 2042 1550 quemadmodum
2084 1473 2186 1533 ille
2226 1476 2329 1533 vel

260 1560 526 1622 Athenis
562 1563 662 1621 vel
693 1561 899 1621 Rhodi
939 1577 1011 1620 se
1041 1561 1544 1621 doctissimorum
1590 1558 1901 1620 hominum
1935 1557 2329 1619 sermonibus

261 1644 571 1717 dedisset,
618 1653 822 1706 tamen
853 1644 993 1719 ipse
1022 1645 1555 1714 adolescentulae,
1591 1650 1889 1718 quantum
1920 1642 2085 1703 illius
2116 1641 2327 1704 ineun-

258 1729 339 1790 tis
372 1729 592 1790 aetatis
620 1745 798 1789 meae
832 1729 1181 1805 patiebatur
1210 1731 1433 1804 pudor,
1477 1731 1667 1789 multa
1702 1744 1781 1788 ex
1812 1742 1886 1787 eo
1921 1741 2113 1802 saepe
2144 1743 2330 1802 quae·

263 1814 402 1875 sivi.
467 1815 603 1874 Non
637 1814 751 1874 erit
779 1815 1064 1889 profecto
1097 1813 1220 1879 tibi,
1255 1814 1425 1888 quod
1458 1813 1683 1884 scribo,
1726 1812 1847 1871 hoc
1877 1827 2141 1884 novum;
2188 1829 2331 1878 nam

260 1898 383 1959 iarn
413 1905 539 1959 turn
581 1915 658 1960 ex
681 1915 780 1959 me
810 1898 1113 1959 audiebas
1138 1897 1280 1959 mihi
1313 1898 1480 1959 illum
1515 1913 1592 1957 ex
1621 1895 1828 1957 multis
1863 1894 2177 1972 variisque
2203 1913 2331 1957 ser-

261 1983 549 2050 monibus
582 1986 810 2045 nullius
841 1984 960 2057 rei,
1007 2000 1168 2058 quae
1210 1982 1460 2058 quidem
1497 1991 1670 2042 esset
1712 1981 1771 2041 in
1808 1980 1904 2042 his
1938 1980 2203 2055 artibuS,
2254 1983 2333 2041 de

263 2069 486 2143 quibus
520 2067 752 2144 aliquid
786 2068 1138 2129 existimare
1168 2084 1457 2143 possem,
1490 2066 1706 2125 rudem
1739 2072 1846 2125 aut
1874 2065 2155 2139 ignarum
2187 2081 2333 2127 esse

263 2153 483 2213 visum.
571 2155 632 2212 4.
677 2151 804 2212 Sed
836 2153 948 2212 suit
973 2151 1094 2211 hoc
1124 2151 1182 2210 in
1218 2160 1488 2225 utroque
1519 2165 1763 2218 eorum,
1812 2155 1880 2207 ut
1914 2150 2175 2210 Crassus
2207 2167 2331 2212 non

265 2244 386 2296 tam
419 2235 754 2296 existimari
788 2236 976 2314 vellet
1016 2250 1141 2293 non
1177 2234 1504 2302 didicisse,
1547 2248 1731 2307 quam
1771 2230 1874 2291 illa
1913 2234 2240 2309 despicere
2273 2244 2335 2295 et

261 2327 616 2380 nostrorum
649 2318 964 2377 hominum
989 2316 1047 2376 in
1064 2316 1227 2377 omni
1243 2333 1475 2391 genere
1487 2314 1875 2391 prudentiam
1894 2318 2146 2379 Graecis
2165 2327 2332 2380 ante-

261 2405 454 2475 ferre;
491 2400 804 2463 Antonius
830 2408 1035 2461 autem
1066 2401 1543 2477 probabiliorem
1574 2401 1696 2461 hoc
1721 2402 1959 2475 populo
1989 2403 2333 2465 orationem

264 2490 397 2548 fore
442 2486 742 2547 censebat
782 2502 976 2555 suam,
1010 2485 1064 2545 si
1101 2484 1351 2545 omnino
1390 2484 1687 2546 didicisse
1718 2502 2050 2561 numquam
2086 2496 2332 2564 putare-

265 2580 388 2644 tur;
415 2577 603 2645 atque
625 2570 710 2629 ita
731 2586 800 2629 se
824 2577 1087 2643 uterque
1109 2570 1459 2645 graviorem
1480 2571 1632 2638 fore,
1661 2568 1715 2630 si
1738 2572 1896 2630 alter
1912 2578 2333 2645 contemnere,

261 2658 419 2716 alter
452 2671 531 2715 ne
559 2670 752 2715 nosse
787 2656 1035 2729 quidem
1068 2655 1343 2716 Graecos
1374 2654 1707 2715 videretur.

431 2740 488 2799 5.
535 2739 806 2811 Quorum
854 2738 1177 2799 consilium
1226 2741 1411 2813 quale
1453 2738 1662 2811 fuerit,
1707 2738 1855 2799 nihil
1901 2755 2055 2799 sane
2096 2740 2175 2800 ad
2213 2739 2336 2801 hoc

265 2833 540 2901 tempus:
587 2824 738 2884 illud
768 2832 975 2884 autem
1006 2830 1102 2884 est
1130 2823 1314 2883 huius
1342 2822 1659 2883 institutae
1689 2823 2049 2899 scriptionis
2079 2839 2155 2883 ac
2185 2831 2336 2885 tem-

262 2910 453 2985 poriS,
489 2907 793 2967 neminem
830 2910 1186 2983 eloquentia
1217 2924 1340 2967 non
1376 2909 1561 2968 modo
1586 2906 1723 2967 sine
1753 2907 1999 2968 dicendi
2030 2908 2335 2981 doctrina,

263 2994 377 3054 sed
408 3008 487 3052 ne
517 2991 653 3051 sine
685 2992 851 3051 omni
882 2992 1129 3066 quidem
1161 2990 1468 3067 sapientia
1496 2990 1726 3053 florere
1749 3008 2042 3066 umquam
2075 3000 2138 3053 et
2159 3010 2339 3069 prae-

263 3086 430 3138 stare
460 3074 762 3152 potuisse.
841 3076 912 3135 ΙΙ.
959 3076 1198 3136 Etenim
1230 3083 1516 3137 caeterae
1547 3077 1678 3137 fere
1712 3085 1881 3138 artes
1914 3093 1985 3138 se
2016 3076 2192 3152 ipsae
2222 3095 2341 3154 per

263 3178 334 3224 se
365 3169 615 3223 tuentur
637 3160 923 3235 singulae
939 3179 955 3232 ;
987 3160 1148 3219 bene
1180 3160 1386 3221 dicere
1410 3169 1634 3235 autem,
1668 3161 1837 3236 quod
1862 3170 1959 3223 est
1981 3162 2251 3228 scienter
2277 3172 2340 3226 et

263 3246 458 3322 perite
488 3253 552 3306 et
581 3253 797 3305 ornate
828 3244 1056 3316 dicere,
1101 3261 1226 3304 non
1257 3246 1444 3305 habet
1474 3244 1788 3306 definitam
1831 3245 2100 3320 aliquam
2130 3247 2338 3323 regio-

263 3346 424 3404 nem,
471 3329 650 3390 cuius
681 3327 956 3390 terminis
988 3335 1208 3403 saepta
1238 3336 1537 3389 teneatur.
1627 3329 1861 3402 Omnia,
1907 3345 2341 3407 quaecumque

263 3413 323 3474 in
357 3413 671 3475 hominum
702 3412 1216 3489 disceptationem
1243 3413 1469 3473 cadere
1499 3421 1786 3489 possunt,
1810 3412 1971 3474 bene
1995 3425 2140 3478 sunt
2169 3415 2225 3477 ei
2252 3415 2339 3478 di-

265 3498 494 3570 cenda,
528 3498 633 3571 qui
663 3497 784 3558 hoc
816 3515 886 3558 se
928 3514 1120 3573 posse
1149 3498 1507 3573 profitetur,
1553 3506 1660 3559 aut
1684 3498 2078 3573 eloquentiae
2110 3517 2341 3563 nomen
