2622 3908
309 288 387 352 38
1073 284 1173 345 DE
1217 282 1582 344 ORATORE

312 439 454 504 181.
514 436 734 500 Omitto
780 437 901 498 iam
941 439 1116 512 plura
1155 436 1441 510 exempla
1483 451 1808 497 causarum
1848 433 2386 511 amplissimarum,

311 539 469 600 quae
500 530 643 583 sunt
675 520 1165 582 innumerabiliax
1202 518 1424 595 capitis
1459 518 1652 581 nostri
1688 535 1880 593 saepe
1916 527 2123 593 potest
2141 519 2386 580 accide-

307 625 376 667 re
409 615 476 668 ut
510 622 738 667 causae
769 614 1093 665 versentur
1123 603 1185 663 in
1213 602 1366 664 iure.
1430 601 1667 664 Etenim
1702 601 1756 663 si
1789 603 1852 662 C.
1875 601 2245 677 Mancinum,
2273 620 2387 664 no-

308 688 673 752 bilissimum
706 696 893 764 atque
928 687 1224 765 optimum
1257 685 1454 746 virum
1498 695 1686 762 atque
1732 688 2146 759 consularem,
2198 703 2384 762 quum

309 791 450 835 eum
484 782 739 849 propter
768 771 1060 833 invidiam
1089 769 1437 832 Numantini
1470 769 1741 831 foederis
1786 779 1964 846 pater
1990 778 2266 846 patratus
2304 787 2387 831 ex

311 858 375 919 S.
420 858 482 917 C.
525 854 907 917 Numantinis
965 854 1310 916 dedidisset
1363 870 1627 930 eumque
1682 853 1769 914 illi
1821 870 1946 915 non
2000 855 2389 931 recepissent

309 950 657 1018 posteaque
701 938 1022 1001 Mancinus
1071 940 1320 1000 domum
1353 937 1700 999 revenisset
1744 955 1949 1014 neque
1992 937 2054 998 in
2102 947 2386 1001 senatum

308 1024 562 1086 introire
585 1023 945 1097 dubitasset,
982 1023 1045 1081 P.
1070 1022 1352 1098 RutiliuS,
1380 1023 1463 1082 Μ.
1479 1021 1662 1095 filius,
1689 1020 1970 1084 tribunus
2002 1021 2220 1097 plebis,
2257 1024 2383 1084 ius-

310 1108 390 1171 sit
416 1106 629 1181 educi,
664 1109 830 1184 quod
865 1124 1007 1168 eum
1041 1108 1238 1168 civem
1267 1114 1519 1181 negaret
1547 1122 1723 1178 esse3
1770 1106 1915 1181 quia
1953 1105 2247 1167 memoria
2292 1105 2386 1168 sic

309 1201 480 1253 esset
513 1191 852 1267 proditum,
887 1209 1066 1267 quem
1115 1200 1290 1267 pater
1334 1208 1487 1251 suus
1531 1200 1638 1251 aut
1681 1193 1951 1266 populu's
1996 1189 2386 1251 vendidisset

307 1285 413 1337 aut
445 1283 620 1352 pater
653 1285 925 1352 patratus
958 1275 1328 1349 dedidisset,
1360 1274 1418 1336 ei
1448 1275 1680 1336 nullum
1727 1291 1872 1335 esse
1915 1273 2384 1350 postliminium=

310 1359 453 1422 182.
502 1376 687 1434 quam
722 1376 1059 1435 possumus
1096 1359 1370 1435 reperire
1414 1375 1495 1418 ex
1537 1356 1819 1420 omnibus
1866 1359 2053 1419 rebus
2097 1357 2383 1419 civilibus

309 1459 562 1504 causam
599 1444 1180 1518 contentionemque
1213 1442 1509 1503 maiorem
1559 1459 1744 1518 quam
1793 1443 1872 1503 de
1908 1443 2152 1516 ordine,
2185 1444 2265 1502 de
2295 1441 2380 1503 ci-

307 1526 526 1599 vitate,
566 1528 644 1587 de
679 1525 984 1598 libertate,
1024 1527 1102 1587 de
1138 1525 1340 1602 capite
1370 1524 1634 1587 hominis
1682 1525 2057 1601 consulariS,
2101 1542 2368 1602 praeser-

308 1610 414 1672 tim
451 1627 638 1685 quum
669 1610 824 1670 haec
858 1626 981 1670 non
1016 1609 1078 1669 in
1112 1609 1364 1671 crimine
1398 1610 1636 1686 aliquo,
1670 1612 1839 1686 quod
1865 1609 1967 1671 ille
1998 1620 2217 1686 posset
2248 1609 2380 1671 infi-

306 1692 473 1765 tiari,
508 1695 623 1754 sed
651 1693 713 1754 in
749 1692 912 1754 civili
947 1693 1079 1755 iure
1113 1693 1527 1755 consisteret?
1588 1693 1908 1770 Similique
1929 1693 1992 1754 in
2013 1711 2257 1770 genere,
2292 1693 2381 1754 in-

309 1777 536 1838 feriore
570 1777 816 1852 ordine,
848 1777 901 1838 si
933 1777 1072 1854 quis
1107 1780 1275 1854 apud
1313 1795 1429 1838 nos
1460 1776 1759 1839 servisset
1788 1794 1867 1838 ex
1903 1780 2134 1855 populo
2171 1779 2378 1840 foede-

307 1871 440 1922 rato
478 1878 748 1938 seseque
782 1861 1135 1936 liberasset,
1172 1871 1233 1925 et
1267 1871 1489 1937 postea
1519 1862 1768 1924 domum
1795 1863 2159 1938 revenisset,
2195 1879 2381 1938 quae-

311 1944 492 2008 situm
524 1956 620 2008 est
650 1947 817 2022 apud
852 1945 1117 2010 maiores
1156 1957 1439 2021 nostroS,
1488 1964 1633 2009 num
1679 1946 1733 2009 is
1782 1947 1863 2009 ad
1899 1965 2049 2011 suos
2084 1944 2374 2024 postlimi-

307 2029 408 2091 nio
443 2030 712 2093 redisset
746 2040 806 2091 et
835 2030 1146 2093 amisisset
1178 2032 1339 2093 hanc
1375 2030 1698 2093 civitatem.
1788 2031 1929 2095 183.
1970 2031 2167 2107 Quid?
2200 2033 2278 2093 de
2312 2029 2382 2091 li-

252 2171 263 2182 „
304 2115 571 2190 bertate,
608 2131 731 2191 quo
768 2113 1057 2176 iudicium
1087 2115 1337 2190 gravius
1372 2132 1516 2176 esse
1547 2117 1777 2196 nullum
1807 2125 2030 2192 potest,
2065 2132 2269 2177 nonne
2305 2132 2384 2175 ex

307 2200 440 2258 iure
473 2197 635 2258 civili
684 2206 889 2273 potest
931 2215 1076 2259 esse
1125 2198 1466 2273 contentio,
1514 2217 1704 2275 quum
1750 2200 2094 2276 quaeritur,
2139 2200 2224 2273 is,
2276 2197 2382 2275 qui

307 2280 538 2340 domini
570 2283 885 2343 voluntate
927 2297 1153 2343 census
1197 2282 1306 2356 sit,
1359 2281 1733 2345 continuone
1814 2302 1925 2361 an,
1971 2283 2075 2346 ubi
2123 2286 2378 2346 lustrum

310 2366 389 2425 sit
419 2363 763 2444 conditum,
809 2364 964 2426 liber
996 2364 1117 2427 sit?
1184 2366 1373 2441 Quid,
1421 2369 1590 2442 quod
1634 2386 1755 2430 usu
1799 2367 2094 2431 memoria
2140 2376 2375 2443 patrum

312 2446 505 2521 venit,
541 2457 609 2510 ut
643 2449 1111 2524 paterfamilias,
1159 2450 1265 2526 qui
1311 2467 1391 2511 ex
1437 2451 1737 2527 Hispania
1780 2453 2040 2514 Romam
2083 2450 2381 2524 venisset,

309 2549 497 2607 quum
531 2549 785 2593 uxorem
820 2542 1256 2608 praegnantem
1290 2534 1353 2595 in
1389 2535 1713 2611 provincia
1743 2536 2098 2613 reliqulsset
2116 2536 2373 2596 Romae·

308 2632 431 2691 que
465 2616 716 2677 alteram
748 2617 1030 2678 duxisset
1060 2634 1265 2694 neque
1298 2618 1574 2680 nuntium
1622 2619 1813 2695 priori
1842 2619 2187 2682 remisisset
2218 2635 2381 2680 mor-

303 2718 573 2776 tuusque
611 2711 783 2763 esset
814 2703 1108 2763 intestato
1146 2711 1207 2762 et
1245 2719 1321 2763 ex
1358 2711 1622 2780 utraque
1652 2708 1813 2767 filius
1853 2717 2036 2768 natus
2073 2716 2244 2769 esset
2270 2727 2387 2768 -ε

302 2786 715 2848 mediocrisne
737 2803 840 2848 res
864 2787 926 2847 in
953 2788 1447 2848 controversiam
1469 2790 1742 2851 adducta
1766 2794 1901 2853 est?
1925 2809 2114 2867 quum
2129 2808 2386 2868 quaere-

303 2886 469 2938 retur
504 2879 581 2938 de
614 2878 856 2939 duobus
893 2876 1116 2939 civium
1153 2877 1456 2954 capitibus
1490 2886 1551 2939 et
1597 2880 1675 2939 de
1722 2895 1917 2954 puero
1936 2927 1951 2951 ‚
2002 2877 2107 2954 qui
2154 2893 2234 2937 ex
2270 2892 2381 2951 po-

307 2960 563 3022 steriore
596 2969 775 3023 natus
811 2972 971 3035 erat,
1003 2971 1065 3023 et
1096 2963 1174 3023 de
1223 2961 1359 3023 eius
1393 2971 1618 3032 matre3
1669 2978 1861 3038 quae,
1910 2963 1964 3023 si
2010 2960 2373 3023 iudicaretur

303 3043 486 3107 certis
535 3046 901 3120 quibusdam
951 3044 1187 3121 verbis,
1235 3063 1360 3106 non
1406 3046 1585 3108 novis
1630 3045 1861 3121 nuptiis
1907 3045 2040 3107 fieri
2091 3062 2231 3106 cum
2277 3061 2379 3105 su-

300 3127 544 3205 periore
588 3128 945 3203 divortium,
990 3127 1052 3188 in
1101 3129 1483 3192 concubinae
1537 3133 1743 3192 locum
1795 3131 2136 3192 duceretur.
2239 3127 2380 3192 184.

299 3214 466 3273 Haec
508 3212 692 3289 igitur
735 3223 795 3275 et
840 3214 1058 3276 horum
1110 3213 1331 3274 similia
1388 3213 1520 3275 iura
1567 3231 1717 3275 suae
1777 3213 2038 3276 civitatis
2096 3212 2379 3289 ignoran-

299 3304 453 3372 tem,
495 3307 764 3359 erectum
812 3306 873 3359 et
918 3299 1184 3372 celsum,
1230 3297 1418 3357 alacri
1464 3307 1525 3359 et
1571 3306 1851 3374 prompto
1902 3315 2011 3359 ore
2065 3314 2140 3358 ac
2190 3293 2380 3371 vultu,

299 3378 419 3439 huc
466 3388 650 3456 atque
688 3381 832 3443 illuc
879 3380 1245 3455 intuentem,
1289 3381 1502 3457 vagari
1551 3398 1689 3443 cum
1736 3399 1958 3457 magna
2004 3390 2252 3443 caterva
2285 3389 2380 3442 to-

297 3470 362 3522 to
396 3464 559 3538 foro,
607 3465 986 3540 praesidium
1033 3463 1357 3526 clientibus
1405 3475 1592 3541 atque
1637 3482 1819 3542 opem
1867 3464 2084 3527 amicis
2127 3474 2189 3527 et
2233 3481 2379 3540 pro-

299 3561 378 3620 pe
426 3546 660 3609 cunctis
705 3547 943 3610 civibus
990 3550 1187 3610 lucem
1235 3548 1463 3624 ingenii
1512 3558 1573 3611 et
1619 3548 1863 3611 consilii
1912 3547 2007 3612 sui
2057 3547 2381 3627 porrigen-

2425 2611 2446 2640 -1
