2622 3908
708 258 848 317 ΠΒ.
874 260 919 317 Ι.
969 259 1133 318 CAP.
1159 268 1227 320 31
1241 268 1423 321 ——34.
1471 265 1524 326 §-
1551 269 1885 322 143—154.
2254 259 2335 323 31

259 411 634 473 celeritatem
666 409 920 471 incitant
949 411 1401 486 verborumque
1444 410 1787 487 frequentia
1815 413 1856 495 d
1896 414 2214 472 lectantur.
2273 413 2336 472 In

263 515 388 572 quo
421 495 571 578 fallit
599 512 742 573 θος,
783 495 951 569 quod
984 493 1336 569 audierunt,
1378 494 1639 555 dicendo
1672 494 1983 571 hom‘nes,
2022 503 2090 556 ut
2118 494 2342 571 dicant,

262 578 514 641 efficere
546 581 769 641 solere.
827 576 970 639 150.
1000 580 1163 638 Vere
1196 578 1358 639 enim
1388 577 1568 638 etiam
1598 578 1747 639 illud
1778 578 2016 654 dicitur,
2046 595 2341 653 perverse

264 663 470 723 dicere
497 662 780 723 homines
812 679 1109 738 perverse
1139 662 1410 730 dicendo
1434 661 1719 722 facillime
1749 661 2068 738 consequi.
2123 663 2340 737 Quam-

264 749 472 809 obrem
503 746 566 806 in
595 746 732 808 istis
764 744 918 821 ipsis
946 745 1510 818 exercitationibus,
1544 745 1659 806 etsi
1683 745 1829 806 utile
1865 753 1961 806 est
1988 746 2170 807 etiam
2199 747 2340 808 sub·

263 826 346 892 lto
391 847 583 905 saepe
625 829 860 901 dicere,
908 838 1109 890 tamen
1152 829 1304 891 illud
1333 829 1573 902 utiliuS,
1621 839 1865 905 sumpto
1898 829 2098 904 spatio
2130 832 2212 890 ad
2242 847 2342 890 co-

263 913 608 989 gitandum,
663 912 935 989 paratius
976 922 1163 989 atque
1205 914 1552 974 accuratius
1596 912 1820 973 dicere.
1911 913 2106 988 Caput
2143 923 2342 974 autem

265 1007 392 1070 est,
443 999 642 1074 quod,
683 1007 749 1058 ut
780 1014 923 1057 vere
954 997 1185 1072 dicam,
1217 996 1464 1058 minime
1494 997 1783 1058 facimus=
1827 1006 1924 1057 est
1952 996 2114 1057 enim
2140 995 2342 1071 magni

266 1081 524 1156 laboriS,
579 1098 759 1157 quem
812 1080 1093 1156 plerique
1134 1081 1429 1157 fugimus:
1487 1097 1668 1156 quam
1697 1080 2025 1156 plurimum
2055 1081 2343 1141 scribere.

268 1165 460 1226 Stilus
505 1166 770 1241 optimus
814 1175 876 1226 et
917 1165 1485 1240 praestantissimus
1526 1164 1772 1224 dicendi
1814 1164 2070 1225 effector
2110 1182 2184 1225 ac
2219 1181 2343 1224 ma-

266 1249 487 1325 gister3
540 1265 743 1325 neque
793 1247 1031 1309 iniuria.
1110 1249 1262 1308 Nam
1307 1248 1360 1308 si
1403 1246 1666 1309 subitam
1696 1256 1757 1308 et
1787 1246 2093 1308 fortuitam
2124 1246 2339 1307 oratio-

268 1351 407 1394 nem
439 1331 867 1394 commentatio
899 1338 960 1392 et
990 1331 1276 1406 cogitatio
1307 1331 1487 1392 facile
1513 1330 1733 1404 vincit,
1774 1331 1933 1392 hanc
1976 1330 2175 1406 ipsam
2206 1347 2344 1405 pro-

268 1419 429 1478 fecto
475 1416 736 1478 adsidua
779 1433 852 1476 ac
896 1415 1158 1491 diligens
1202 1414 1505 1492 scriptura
1541 1415 1873 1492 superabit.
1941 1414 2075 1480 151.
2122 1414 2345 1475 Omnes

268 1500 462 1575 enim,
507 1500 640 1561 sive
682 1499 830 1561 artis
877 1507 1017 1560 sunt
1051 1501 1170 1561 loci
1202 1504 1335 1561 sive
1365 1499 1594 1575 ingenii
1626 1499 1945 1560 cuiusdam
1975 1516 2048 1560 ac
2078 1501 2346 1576 pruden-

271 1585 421 1659 tiae,
453 1584 558 1660 qui
587 1585 773 1645 modo
811 1582 1020 1645 insunt
1049 1585 1108 1642 in
1141 1601 1215 1645 ea
1244 1601 1339 1657 re,
1376 1586 1453 1644 de
1487 1601 1609 1660 qua
1632 1583 1989 1658 scribimuS,
2018 1582 2347 1658 anquiren-

269 1671 430 1730 tibus
462 1668 641 1729 nobis
673 1667 963 1743 omnique
1005 1667 1139 1729 acie
1169 1667 1400 1743 ingenii
1430 1667 1984 1743 contemplantibus
2017 1668 2346 1728 ostendunt

270 1769 340 1813 se
371 1761 431 1813 et
463 1761 817 1823 occurrunt;
851 1768 1192 1827 omnesque
1225 1753 1564 1813 sententiae
1595 1753 1908 1827 verbaque
1939 1750 2159 1823 omnia,
2188 1766 2344 1826 quae

271 1844 415 1897 sunt
444 1835 748 1912 cuiusque
777 1834 1022 1911 generis
1046 1835 1309 1896 maxime
1333 1835 1607 1909 illustria,
1639 1837 1756 1896 sub
1779 1852 2036 1896 acumen
2063 1833 2183 1895 stili
2204 1834 2319 1894 sub

273 1928 414 1982 eant
456 1930 516 1982 et
557 1921 895 1983 succedant
935 1935 1197 1980 necesse
1232 1928 1364 1991 est;
1407 1925 1533 1979 tum
1573 1918 1715 1994 ipsa
1748 1917 2071 1980 collocatio
2104 1918 2347 1979 confor-

272 2004 581 2079 matioque
638 2006 965 2066 verborum
1020 2002 1333 2077 perficitur
1381 2001 1443 2061 in
1497 2002 1856 2075 scribendo,
1909 2017 2032 2060 non
2080 2000 2345 2076 poeticO,

273 2090 386 2150 sed
415 2089 684 2164 quodam
713 2087 981 2149 oratorio
1005 2103 1259 2147 numero
1282 2095 1343 2147 et
1364 2087 1570 2147 modo.
1631 2083 1771 2145 152.
1801 2085 1970 2145 Haec
1995 2094 2155 2158 sunt,
2189 2100 2345 2159 quae

274 2175 575 2233 clamores
617 2181 678 2233 et
718 2170 1154 2233 admirationes
1197 2171 1257 2231 in
1300 2170 1482 2231 bonis
1520 2168 1866 2231 oratoribus
1897 2167 2199 2239 efficiunt;
2241 2183 2346 2226 ne-

274 2273 396 2330 que
443 2272 517 2316 ea
558 2254 915 2331 quisquam,
959 2254 1078 2315 nisi
1121 2254 1225 2315 diu
1265 2256 1645 2329 multumque
1688 2252 2067 2329 scriptitarit,
2109 2249 2347 2312 etiamsi

271 2336 811 2401 vehementissime
874 2355 943 2399 se
1008 2338 1069 2398 in
1133 2338 1229 2399 his
1286 2337 1505 2401 subitis
1562 2336 1930 2398 dictionibus
1985 2335 2346 2409 exercuerit,

277 2432 710 2499 consequetur.
763 2424 841 2484 Et
881 2421 987 2497 qui
1028 2440 1065 2481 a
1094 2421 1404 2483 scribendi
1436 2420 1882 2483 consuetudine
1911 2421 1991 2481 ad
2021 2420 2347 2481 dicendum

277 2506 470 2580 venit,
513 2508 672 2567 hanc
702 2507 900 2567 adfert
930 2507 1308 2579 facultatem,
1354 2514 1449 2577 ut,
1492 2505 1674 2566 etiam
1703 2504 1905 2567 subito
1936 2503 1989 2565 si
2025 2504 2217 2577 dicat,
2260 2512 2344 2563 ta-

276 2608 411 2651 men
441 2590 570 2664 illa‚
619 2607 777 2667 quae
807 2588 1114 2664 dicantur,
1160 2588 1381 2649 similia
1422 2589 1784 2665 scriptorum
1824 2605 1968 2651 esse
1995 2588 2348 2658 videantur;

273 2684 461 2750 atque
512 2673 721 2749 etiam,
773 2672 827 2734 si
882 2674 1128 2748 quando
1180 2672 1240 2733 in
1291 2672 1555 2734 dicendo
1603 2672 1898 2748 scriptum
1937 2672 2202 2733 attulerit
2242 2670 2348 2731 ali-

275 2759 455 2834 quid,
500 2775 688 2834 quum
728 2758 804 2818 ab
847 2774 922 2818 eo
962 2756 1353 2831 discesserit,
1392 2755 1631 2832 reliqua
1660 2755 1874 2815 similis
1907 2755 2100 2816 oratio
2133 2770 2349 2815 conse-

275 2851 515 2919 quetur.
590 2841 730 2903 153.
783 2841 864 2901 Ut
907 2841 1208 2902 concitato
1240 2839 1517 2915 navigio,
1564 2856 1752 2915 quum
1781 2838 2046 2913 remiges
2075 2836 2349 2898 inhibue-

272 2935 440 2998 runt,
486 2925 704 2987 retinet
734 2935 933 2986 tamen
960 2925 1103 3001 ipsa
1132 2925 1307 2985 navis
1345 2933 1575 2985 motum
1612 2931 1672 2984 et
1695 2939 1944 2984 cursum
1967 2941 2147 2984 suum
2170 2921 2347 2983 inter-

274 3011 464 3071 misso
508 3010 740 3085 impetu
770 3010 1080 3085 pulsuque
1107 3026 1446 3083 remorum,
1487 3008 1578 3069 sic
1618 3006 1680 3068 in
1729 3006 2004 3070 oratione
2036 3015 2352 3084 perpetua,

276 3112 462 3169 quum
494 3094 724 3169 scripta
753 3093 1074 3166 deficiunt,
1117 3110 1329 3168 parem
1369 3101 1571 3153 tamen
1620 3091 1851 3154 obtinet
1891 3091 2083 3152 oratio
2113 3089 2351 3164 reliqua

274 3195 524 3239 cursum
581 3177 950 3253 scriptorum
1008 3176 1404 3238 similitudine
1462 3184 1523 3237 et
1574 3175 1638 3236 vi
1683 3175 2004 3237 concitata.
2081 3174 2349 3235 XXXIV.

275 3261 417 3323 154.
473 3263 537 3321 In
601 3261 926 3322 cotidianis
970 3270 1173 3322 autem
1222 3259 1837 3322 commentationibus
1878 3256 2165 3332 equidem
2207 3255 2351 3316 mihi

272 3347 774 3407 adolescentulus
846 3362 1198 3421 proponere
1275 3347 1550 3406 solebam
1622 3343 1786 3404 illam
1854 3339 2349 3402 exercitationem

273 3429 569 3504 maxime,
626 3447 749 3506 qua
792 3431 853 3490 C.
902 3430 1272 3503 Carbonem,
1331 3439 1608 3491 nostrum
1652 3426 1818 3487 illum
1864 3423 2206 3500 inimicum,
2251 3443 2342 3486 so·

276 3510 442 3575 titum
487 3530 629 3575 esse
675 3512 762 3575 uti
808 3512 1111 3587 sciebam,
1168 3522 1237 3574 ut
1287 3522 1391 3574 aut
1447 3510 1733 3572 versibus
1779 3507 2120 3585 propositis
2166 3526 2346 3584 quam
