2622 3908
643 263 789 323 LIB.
820 263 890 321 ll.
937 263 1100 322 CAP.
1131 273 1395 324 54—55.
1440 270 1490 329 5.
1516 272 1850 326 219—226.
2162 264 2276 327 lll

218 416 515 490 legendos
561 413 747 474 dedit.
804 411 948 474 224.
991 414 1084 472 Ex
1124 413 1279 474 libro
1325 412 1548 489 primm
1596 432 1780 475 roan:
1822 431 2070 487 nvitun,
2112 432 2184 475 ur
2221 433 2277 476 m

216 512 575 557 pmvnnmrx
605 512 888 557 Essnnus.
947 498 1213 571 Brute,
1256 496 1751 558 testificatur
1798 508 2016 573 pater
2057 516 2139 559 se
2185 499 2279 560 ti-

218 581 285 641 bi
327 582 852 640 Privernatem
898 581 1209 640 fundum
1239 579 1692 655 reliquisse.
1756 582 1988 642 Deinde
2017 599 2097 642 ex
2128 583 2279 644 libro

217 665 525 726 secundae
559 679 620 722 m
647 677 889 722 Ammo
920 676 1161 723 nmmos
1185 680 1301 723 mo
1320 680 1398 721 Έτ
1418 678 1658 724 ΜΑιιουε
1682 681 1890 725 rmus.
1945 665 2280 740 Sapiens

219 746 596 808 videlicet
633 746 856 807 homo
903 762 1064 806 cum
1100 745 1372 821 primis
1404 752 1726 808 nostrae
1758 746 2115 808 civitatis
2148 766 2280 811 no-

214 841 331 890 rat
375 830 572 890 hunc
615 828 1027 904 gurgitem3
1076 831 1506 903 metuebat,
1550 847 1669 904 ne,
1715 836 1936 905 quum
1980 830 2044 890 is
2089 830 2275 892 nihil

215 915 571 985 haberet,
605 911 799 972 nihil
842 929 1025 973 esse
1052 911 1122 972 ei
1147 913 1505 974 relictum
1535 923 1962 988 putaretur.
2022 915 2170 973 Tum
2202 931 2277 974 ex

217 997 368 1058 libro
401 995 607 1068 tertie,
657 996 716 1054 in
749 1013 873 1071 quo
903 997 1088 1057 finem
1119 995 1429 1057 scribendi
1462 996 1603 1057 fecit
1629 1033 1713 1042 —
1744 1006 1832 1057 tot
1859 996 2050 1069 enim,
2080 1005 2145 1056 ut
2173 1014 2274 1057 au·

217 1080 341 1141 divi
386 1079 750 1139 Scaevolam
795 1078 1035 1153 dicere,
1073 1090 1216 1140 sunt
1252 1080 1383 1139 veri
1424 1081 1593 1140 Bruti
1625 1079 1759 1140 libri
1784 1116 1897 1153 —,
1943 1096 2005 1139 m
2045 1096 2277 1139 rmum-1

218 1179 403 1225 roam
427 1176 764 1223 Ansssnmus
787 1179 903 1223 zuo
926 1180 999 1221 1·:·r
1020 1178 1260 1223 mAncus
1283 1180 1492 1223 rmus.
1538 1163 1679 1223 Ubi
1722 1163 1987 1225 sunthi
2030 1162 2277 1236 fundi,

216 1249 477 1319 Brute,
560 1263 753 1321 quos
810 1245 949 1307 tibi
1007 1254 1229 1322 pater
1288 1246 1636 1322 publicis
1695 1247 2279 1309 commentariis

218 1328 735 1403 consignatos
777 1329 1148 1405 reliquit?
1205 1329 1418 1403 Quod
1459 1330 1613 1391 nisi
1643 1331 2006 1405 puberem
2036 1338 2134 1403 te,
2168 1329 2280 1391 in-

218 1412 416 1489 quit,
473 1411 615 1473 iam
668 1412 1018 1484 haberet,
1079 1422 1426 1487 quartum
1471 1414 1747 1474 librum
1786 1412 2279 1489 composuis-

216 1506 336 1557 set
376 1504 449 1556 et
506 1512 586 1556 se
636 1497 862 1557 etiam
902 1495 974 1556 in
1017 1496 1325 1558 balneis
1367 1497 1606 1559 lotum
1649 1514 1808 1558 cum
1861 1497 2036 1559 filio
2082 1497 2276 1558 scri-

217 1589 422 1657 ptum
450 1579 943 1655 reliquisset.
1003 1580 1144 1641 225.
1192 1581 1340 1654 Quis
1373 1592 1468 1641 est
1495 1580 1692 1656 igitur,
1727 1580 1830 1657 qui
1858 1599 1981 1642 non
2025 1583 2285 1642 fateatur

215 1665 337 1725 hoc
368 1665 580 1738 lepore
607 1673 792 1738 atque
820 1663 916 1723 his
950 1664 1182 1725 facetiis
1213 1682 1335 1725 non
1366 1665 1567 1726 minus
1596 1667 1917 1727 refutatum
1955 1682 2099 1726 esse
2128 1667 2270 1725 Bru-

217 1758 372 1819 tum,
420 1764 602 1822 quam
646 1746 764 1807 illis
806 1748 1167 1821 tragoediis,
1212 1765 1367 1824 quas
1413 1749 1537 1823 egit
1571 1747 1762 1819 idem,
1808 1767 1993 1823 quum
2034 1765 2186 1808 casu
2216 1747 2273 1807 iu

215 1832 437 1892 eadem
465 1847 655 1890 causa
682 1831 1000 1892 efferretur
1027 1848 1183 1891 anus
1214 1832 1403 1891 lunia.
1459 1833 1572 1891 Pro
1606 1831 1666 1890 di
1696 1830 2084 1902 immortaleS‚
2118 1846 2277 1904 quae

215 1913 331 1976 tuit
374 1913 504 1986 illa,
554 1923 778 1989 quanta
813 1912 936 1975 vis!
987 1932 1169 1991 quam
1214 1914 1669 1989 inexspectata!
1718 1930 1900 1989 quam
1927 1912 2274 1989 repentina!

218 2015 406 2075 quum
439 1997 733 2060 coniectis
766 2000 982 2072 oculis,
1012 2009 1191 2074 gestu
1227 1998 1357 2059 acri
1402 2006 1465 2060 et
1501 1995 1848 2067 imminenti,
1886 2015 2121 2057 summa
2144 2014 2273 2071 gra-

218 2082 404 2143 vitate
434 2091 495 2142 et
523 2082 830 2144 celeritate
858 2083 1215 2143 verborum:
1257 2083 1522 2154 Brute,
1554 2079 1735 2155 quid
1778 2081 2053 2140 sedes?
2094 2079 2275 2153 quid

217 2167 432 2226 illam
488 2183 705 2225 anum
762 2165 964 2241 patri
1020 2164 1393 2226 nuntiare
1445 2166 1567 2225 vis
1621 2171 1797 2225 tuo?
1862 2163 2042 2239 quid
2112 2162 2277 2223 illis

218 2250 604 2320 omnibus,
633 2267 952 2324 quorum
990 2248 1371 2324 imagines
1404 2248 1581 2310 duci
1611 2247 1875 2309 vides?
1919 2247 2103 2323 quid
2132 2264 2276 2318 ma·

216 2332 524 2395 ioribus
581 2334 779 2394 tuis?
833 2333 1020 2410 quid
1065 2336 1124 2392 L.
1172 2335 1441 2406 Brut0,
1501 2331 1629 2408 qui
1672 2333 1866 2393 hunc
1915 2335 2276 2408 populum

214 2415 612 2478 dominatu
652 2415 870 2492 regio
907 2416 1326 2478 liberavit?
1370 2416 1655 2492 quidte
1684 2415 2106 2491 agerevcui
2135 2415 2278 2488 rei,

215 2498 344 2561 cui
386 2499 722 2574 gloriae,
784 2500 908 2563 cui
964 2498 1240 2562 virtuti
1293 2502 1658 2561 studere?
1698 2499 2280 2575 patrimonione

215 2584 620 2657 augendo?
673 2589 766 2645 At
806 2583 881 2644 id
923 2600 1070 2644 non
1101 2582 1726 2644 estnobilitatis.
1786 2583 1929 2644 226.
1978 2584 2124 2643 Sed
2158 2586 2277 2643 fac

215 2683 431 2738 esse,
479 2667 672 2727 nihil
705 2675 1105 2743 superest3
1151 2664 1529 2726 libidines
1564 2674 1799 2726 totum
1829 2665 2276 2740 dissipave-

218 2759 416 2810 runt.
473 2753 583 2809 An
614 2751 761 2812 iuri
793 2749 1060 2811 civili?
1101 2750 1233 2809 Est
1262 2757 1680 2823 paternum.
1742 2750 1888 2807 Sed
1921 2747 2132 2807 dicet
2175 2757 2275 2821 te,

220 2852 448 2910 quum
479 2834 716 2894 aedes
751 2835 1169 2906 vendereS,
1201 2849 1291 2893 ne
1335 2832 1406 2891 in
1436 2830 1632 2892 rutis
1662 2830 1963 2904 quidem
1993 2841 2064 2893 et
2107 2847 2278 2891 cae-

215 2934 326 2977 sis
365 2914 651 2975 solium
687 2917 826 2977 tibi
857 2925 1267 2991 paternum
1315 2913 1738 2988 recepisse.
1800 2918 1907 2973 An
1948 2913 2060 2973 rei
2101 2910 2297 2971 mili·

222 2999 403 3059 tari?
463 3001 599 3074 Qui
643 3016 1042 3075 numquam
1092 3007 1353 3060 castra
1398 2996 1722 3059 videris!
1781 3001 1891 3058 An
1924 2999 2296 3072 eloquen-

219 3083 412 3144 tiae?
468 3082 670 3146 Ouae
719 3090 974 3153 neque
1030 3085 1188 3144 ulla
1238 3091 1355 3143 est
1397 3081 1466 3142 in
1514 3091 1585 3142 te
1627 3089 1727 3146 et.
1771 3081 2139 3150 quidquid
2182 3088 2299 3138 est

230 3161 456 3224 vocis
501 3180 587 3224 ac
613 3164 958 3238 linguae,
989 3179 1204 3223 omne
1234 3162 1303 3222 in
1340 3163 1567 3225 istum
1599 3164 2132 3241 turpissimum
2164 3181 2288 3223 ca-

230 3245 571 3307 lumniae
617 3257 1021 3323 quaestum
1062 3246 1506 3308 contulisti!
1564 3250 1665 3307 Tu
1705 3250 1945 3308 lucem
1977 3245 2288 3322 aspice-

228 3346 310 3389 re
352 3332 641 3391 audes?
682 3340 757 3392 tu
800 3332 940 3392 hos
983 3328 1323 3391 intueri?
1370 3339 1445 3392 tu
1486 3330 1558 3390 in
1604 3333 1802 3400 foro,
1837 3340 1911 3390 tu
1953 3329 2024 3389 in
2067 3332 2287 3404 urbe,

230 3413 423 3474 tuin
470 3413 753 3475 civium
796 3431 975 3475 esse
1017 3422 1497 3490 conspectu?
1538 3413 1852 3474 tuillam
1883 3423 2287 3488 mortuam,

232 3505 305 3557 tu
348 3496 728 3572 imagines
771 3496 990 3572 ipsas
1020 3514 1166 3559 non
1200 3497 1789 3574 perhorrescis?
1831 3498 2114 3572 quibus
2145 3517 2286 3558 non
