2622 3908
316 269 422 333 ‚52
655 304 660 308 ·
932 322 935 323 ⁷
1117 267 1220 326 DE
1265 265 1627 327 ORATORE

341 429 768 497 patronorum,
805 418 909 495 qui
945 427 1076 493 aut,
1120 436 1305 494 quum
1337 434 1531 494 parva
1552 416 1891 492 nescirent,
1922 434 2144 491 magna
2165 420 2409 492 profite-

339 513 550 565 rentur
584 512 689 569 aut
722 518 826 575 ea,
864 518 1023 578 quae
1055 504 1320 562 maxima
1366 510 1575 563 essent
1618 501 1681 562 in
1731 501 1864 562 iure
1910 499 2106 575 civili,
2156 510 2411 564 tractare

343 588 637 648 auderent
669 585 730 647 in
768 585 1008 661 causis,
1055 602 1242 661 quum
1287 601 1363 645 ea
1406 584 1715 646 nescirent
1759 601 2216 660 numquamque
2260 585 2410 646 didi-

344 670 604 744 cissent,
638 669 957 745 utriusque
990 668 1082 729 rei
1116 667 1311 729 facilis
1349 677 1443 730 est
1475 677 1535 729 et
1580 676 1864 744 prompta
1897 666 2197 729 defensio.
2264 670 2411 729 Nam

344 770 547 828 neque
577 751 727 813 illud
761 762 856 813 est
885 751 1259 825 mirandum,
1299 750 1438 828 qui,
1473 753 1697 828 quibus
1730 750 1936 812 verbis
1961 752 2265 828 coemptio
2290 753 2411 828 flat,

343 836 610 911 nesciat,
657 837 941 897 eumdem
983 835 1119 897 eius
1155 833 1457 909 mulieris,
1497 853 1655 911 quae
1687 834 2136 911 coemptionem
2184 835 2411 911 fecerit,

346 936 595 982 causam
630 936 822 996 posse
857 921 1222 991 defendere3
1255 935 1389 992 nec,
1426 918 1479 978 si
1511 919 1687 994 parvi
1721 917 1947 995 navigii
1982 929 2043 980 et
2075 918 2278 994 magni
2313 937 2410 980 ea-

344 1006 485 1064 dem
521 1013 617 1064 est
650 1002 710 1062 in
744 1004 1143 1078 gubernando
1179 1001 1464 1066 scientia.
1498 1001 1729 1063 idcirco
1776 1002 1911 1078 qui,
1949 1001 2173 1078 quibus
2211 1004 2411 1064 verbis

345 1088 620 1148 herctum
653 1086 801 1147 cieri
837 1095 1148 1162 oporteat,
1183 1084 1448 1158 nesciat,
1482 1085 1644 1146 idern
1679 1085 2126 1147 herciscundae
2148 1085 2412 1146 familiae

345 1188 596 1233 causam
628 1187 814 1246 agere
848 1188 971 1231 non
1005 1169 1224 1246 possit.
1313 1168 1456 1231 238.
1497 1171 1688 1245 Nam,
1729 1169 1897 1244 quod
1945 1169 2242 1230 maximas
2274 1187 2409 1232 cen-

346 1253 696 1317 tumvirales
733 1270 957 1315 causas
1001 1253 1064 1314 in
1110 1253 1242 1316 iure
1289 1253 1527 1329 positas
1577 1250 1914 1329 protulisti,
1962 1270 2122 1329 quae
2168 1254 2410 1315 tandem

343 1357 554 1400 earum
590 1355 779 1399 causa
813 1337 942 1414 fuit,
978 1354 1138 1414 quae
1172 1339 1250 1398 ab
1283 1337 1532 1398 homine
1566 1335 1895 1413 eloquenti,
1930 1335 2079 1397 iuris
2113 1336 2413 1413 imperito,

344 1440 467 1483 non
495 1420 884 1483 ornatissime
916 1419 1183 1497 potuerit
1203 1420 1369 1482 dici?
1402 1420 1634 1495 Quibus
1651 1420 1907 1496 quidem
1920 1419 1983 1480 in
1999 1419 2205 1482 causis
2222 1418 2412 1481 omni-

346 1507 492 1577 buS,
545 1506 704 1565 sicut
744 1504 806 1564 in
850 1504 990 1580 ipsa
1035 1504 1135 1563 Μ’.
1172 1503 1361 1576 Curii,
1413 1521 1572 1579 quae
1617 1505 1731 1565 abs
1777 1513 1836 1565 te
1870 1521 2068 1580 nuper
2100 1514 2197 1565 est
2230 1503 2411 1577 dicta,

346 1598 408 1650 et
436 1588 499 1649 in
534 1589 596 1648 C.
630 1587 870 1649 Hostilii
899 1587 1166 1649 Mancini
1202 1586 1626 1649 controversia
1658 1597 1844 1664 atque
1879 1587 1939 1647 in
1962 1605 2037 1649 eo
2057 1604 2273 1664 puero,
2311 1585 2415 1663 qui

348 1690 428 1734 ex
462 1673 651 1733 altera
682 1680 862 1733 natus
897 1680 1028 1733 erat
1059 1688 1284 1746 uxore,
1332 1688 1457 1732 non
1505 1670 1767 1733 remisso
1817 1674 2029 1733 nuntio
2092 1669 2416 1747 superiori,

348 1755 462 1818 suit
493 1755 650 1817 inter
696 1754 1107 1831 peritissimos
1158 1753 1441 1816 homines
1492 1773 1728 1816 summa
1776 1756 1855 1816 de
1899 1753 2032 1816 iure
2077 1754 2411 1816 dissensio.

345 1840 488 1901 239.
535 1841 773 1915 Quaero
805 1838 1017 1914 igitur,
1059 1838 1206 1915 quid
1253 1837 1557 1900 adiuverit
1602 1847 1904 1900 oratorem
1949 1837 2010 1898 in
2059 1838 2155 1898 his
2203 1837 2410 1899 causis

346 1924 495 1986 iuris
533 1922 816 1998 scientia,
856 1942 1042 2000 quum
1088 1923 1187 1985 hic
1220 1921 1371 1985 iuris
1407 1925 1726 1985 consultus
1760 1921 2044 1999 superior
2077 1921 2256 1984 suerit
2290 1920 2405 1984 dis-

346 2026 673 2083 cessuruS,
723 2009 828 2085 qui
875 2017 1045 2069 esset
1092 2026 1214 2069 non
1251 2023 1366 2069 suo
1398 2007 1685 2080 artificio,
1736 2009 1850 2068 sed
1884 2005 2117 2081 alieno,
2149 2008 2269 2067 hoc
2301 2015 2413 2079 est,

354 2110 473 2153 non
522 2092 672 2154 iuris
723 2092 1008 2167 scientia,
1074 2093 1186 2153 sed
1245 2091 1598 2167 eloquentia
1656 2098 2049 2153 sustentatus.
2113 2088 2418 2165 Equidem

349 2177 466 2238 hoc
499 2192 688 2252 saepe
718 2174 958 2249 audivi,
992 2193 1180 2251 quum
1213 2173 1579 2237 aedilitatem
1612 2175 1674 2233 P.
1701 2174 1959 2234 Crassus
1984 2180 2220 2247 peteret
2248 2188 2419 2233 eum-

355 2277 476 2335 que
510 2258 706 2319 maior
752 2267 897 2318 natu
938 2267 999 2319 et
1042 2258 1163 2319 iarn
1203 2258 1548 2319 consularis
1584 2258 1715 2319 Ser.
1750 2258 1939 2317 Galba
1973 2256 2418 2330 adsectaretur,

352 2343 536 2418 quod.
556 2339 760 2402 Crassi
794 2340 981 2401 filiam
1017 2341 1080 2402 C.
1111 2339 1236 2402 filio
1275 2358 1390 2403 suo
1441 2339 1907 2417 despondisset,
1950 2340 2301 2401 accessisse
2335 2341 2420 2400 ad

351 2428 638 2487 Crassum
672 2424 1038 2486 consulendi
1066 2441 1256 2486 causa
1290 2427 1617 2502 quemdam
1646 2423 2050 2498 rusticanum,
2091 2422 2197 2499 qui
2229 2440 2420 2499 quum

351 2511 638 2571 Crassum
674 2507 1028 2569 seduxisset
1057 2518 1243 2584 atque
1276 2512 1358 2569 ad
1393 2527 1534 2572 eum
1565 2507 1902 2571 rettulisset
1922 2524 2422 2584 responsumque

349 2594 426 2653 ab
453 2610 527 2654 eo
555 2609 768 2654 verum
793 2591 1008 2669 magis,
1041 2610 1225 2668 quam
1260 2595 1341 2654 ad
1377 2611 1552 2655 suam
1572 2610 1703 2654 rem
1726 2594 2253 2655 accommodatum
2276 2591 2419 2651 abs·

350 2676 620 2751 tulisset;
658 2683 722 2738 ut
755 2694 895 2737 eum
930 2675 1162 2738 tristem
1185 2677 1377 2738 Galba
1401 2677 1568 2751 vidit,
1592 2677 1837 2738 nomine
1867 2674 2200 2753 appellavit
2230 2691 2421 2751 quae-

350 2760 651 2838 sivitque,
689 2779 812 2837 qua
848 2762 927 2821 de
955 2777 1023 2821 re
1056 2762 1137 2821 ad
1173 2761 1459 2822 Crassum
1502 2760 1854 2821 rettulisset.
1913 2761 2011 2820 Ex
2043 2778 2166 2836 quo
2202 2767 2268 2821 ut
2309 2775 2422 2819 au·

353 2844 502 2907 divit
551 2854 1043 2921 commotumque
1098 2851 1165 2906 ut
1218 2843 1371 2905 vidit
1414 2842 1751 2917 hominem,
1801 2843 2155 2920 Suspenso,
2202 2839 2424 2916 inquit,

350 2928 550 2990 animo
592 2937 653 2989 et
688 2937 995 3004 occupato
1034 2928 1323 2989 Crassum
1369 2926 1477 2989 tibi
1523 2926 1927 3002 respondisse
1971 2925 2184 2988 video=
2272 2922 2423 2986 240.

350 3010 574 3073 deinde
604 3028 808 3087 ipsum
844 3011 1131 3073 Crassum
1167 3029 1352 3072 manu
1387 3011 1707 3087 prehendit
1737 3019 1826 3085 et,
1861 3013 2031 3071 Heus
2067 3019 2163 3084 tu,
2202 3006 2423 3084 inquit,

349 3094 498 3170 quid
535 3094 640 3156 tibi
673 3093 735 3155 in
784 3102 1048 3156 mentem
1093 3093 1255 3156 venit
1299 3096 1384 3156 ita
1423 3096 1849 3171 respondere-‘3
1906 3097 2056 3154 Tum
2091 3092 2191 3153 ille
2225 3092 2416 3152 fiden-

351 3189 439 3240 ter
474 3180 655 3239 homo
687 3177 1097 3255 peritissimus
1133 3178 1495 3239 confirmare
1528 3178 1613 3240 ita
1659 3195 1730 3239 se
1775 3195 1906 3238 rem
1936 3177 2195 3248 habere,
2226 3184 2293 3237 ut
2324 3192 2428 3236 re·
2467 3185 2472 3189 ’

349 3262 736 3338 spondisset,
764 3279 879 3323 nec
915 3261 1165 3322 dubium
1199 3278 1344 3323 esse
1380 3278 1589 3337 posse.
1659 3263 1849 3321 Galba
1881 3268 2085 3322 autem
2116 3258 2428 3321 adludens

351 3344 516 3406 varie
552 3356 613 3407 et
645 3344 901 3420 copiose
935 3346 1156 3407 multas
1189 3343 1617 3407 similitudines
1664 3345 1908 3406 adferre
1948 3344 2261 3420 multaque
2306 3359 2427 3417 pro

348 3430 654 3503 aequitate
686 3439 898 3489 contra
928 3427 1025 3489 ius
1057 3425 1292 3500 dicere3
1340 3436 1527 3504 atque
1572 3428 1766 3503 illum,
1818 3446 2006 3505 quum
2053 3427 2426 3489 disserendo

350 3526 464 3585 par
498 3527 642 3572 esse
674 3517 798 3571 non
833 3521 1048 3585 posset
1076 3545 1161 3554 —
1197 3528 1568 3588 quamquam
1620 3510 1730 3573 suit
1772 3512 2035 3574 Crassus
2066 3509 2129 3572 in
2163 3525 2422 3574 numero
