2622 3908
286 218 410 285 104
466 244 471 251 ·
1074 220 1173 280 DE
1208 219 1572 280 ORATORE

285 390 409 434 non
440 372 624 432 modo
661 387 785 431 non
818 369 1213 442 miserabilis,
1262 373 1378 431 sed
1412 372 1593 432 etiam
1622 370 1934 430 irridenda
1965 371 2184 432 fuisset
2218 387 2344 431 ora-

284 455 368 518 tio
411 472 565 516 mea.
639 455 1045 529 Quamobrem
1088 455 1206 515 hoc
1248 470 1365 515 vos
1408 455 1638 527 doce0‚
1687 452 1953 531 Sulpici,
1995 455 2196 515 bonus
2236 471 2348 531 ego

287 538 572 599 videlicet
610 549 799 613 ,atque
842 537 1117 599 eruditus
1148 536 1479 612 magister,
1522 546 1590 599 ut
1634 539 1695 598 in
1732 538 1996 599 dicendo
2028 537 2240 610 irasci,
2285 547 2352 599 ut
2445 564 2454 571 ·

286 626 525 694 dolere,
567 633 635 683 ut
672 621 822 683 ssere
865 621 1142 697 possitis.
1201 619 1343 683 197.
1387 621 1764 697 Quamquam
1810 631 1867 683 te
1913 622 2158 698 quidem
2203 621 2348 697 quid

284 708 404 768 hoc
459 707 745 780 doceam,
800 704 904 780 qui
953 704 1016 765 in
1057 706 1409 767 accusando
1451 705 1651 768 sodali
1723 716 1784 766 et
1822 715 2148 781 quaestore
2211 721 2352 766 meo

285 800 515 853 tantum
549 789 900 851 incendium
930 807 1054 851 non
1084 789 1361 850 oratione
1393 792 1623 865 solum,
1654 790 1767 850 sed
1799 789 1979 850 etiam
2009 791 2194 850 multo
2225 805 2352 848 ma-

285 874 382 951 gis
411 873 472 934 vi
507 884 568 936 et
604 875 817 935 dolore
848 883 908 935 et
941 875 1163 935 ardore
1192 872 1377 933 animi
1406 873 1779 947 concitaraS‚
1814 883 1881 935 ut
1910 890 2025 949 ego
2057 873 2136 932 ad
2170 872 2234 933 id
2256 889 2353 932 re-

288 958 720 1033 stinguendum
744 957 849 1017 vix
873 973 1133 1017 conarer
1154 958 1500 1018 accedere?
1532 958 1851 1018 Habueras
1875 957 2034 1019 enim
2064 967 2125 1017 tu
2149 954 2355 1016 omnia

285 1041 346 1102 in
382 1059 572 1103 causa
595 1041 946 1118 superiora=
978 1041 1132 1117 vim,
1166 1043 1400 1116 fugam,
1434 1040 1901 1117 lapidationem,
1936 1040 2354 1102 crudelitatem

285 1125 668 1188 tribuniciam
709 1125 772 1185 in
819 1124 1145 1201 Caepionis
1181 1124 1354 1201 gravi
1395 1124 1851 1200 miserabilique
1897 1142 2049 1186 casu
2092 1124 2153 1184 in
2195 1123 2350 1186 iudi-

286 1210 444 1271 cium
489 1210 789 1279 vocabas;
836 1208 1059 1269 deinde
1096 1210 1434 1287 principem
1467 1217 1528 1270 et
1558 1218 1809 1270 senatus
1841 1218 1902 1270 et
1931 1207 2222 1281 civitatiS,
2269 1208 2353 1267 M.

286 1293 640 1369 Aemilium,
684 1293 889 1370 lapide
930 1309 1294 1369 percussum
1327 1309 1471 1354 esse
1507 1294 1857 1362 constabat;
1917 1292 1980 1352 vi
2039 1295 2286 1367 pulsum
2321 1315 2357 1359 e

287 1380 512 1453 templo
553 1379 621 1438 L.
657 1377 890 1439 Cottam
933 1387 994 1439 et
1033 1378 1097 1436 T.
1142 1377 1419 1450 Didium,
1468 1395 1654 1452 quum
1698 1375 2077 1437 intercedere
2129 1378 2357 1437 vellent

286 1460 617 1536 rogationi,
663 1477 840 1521 nemo
877 1469 1117 1536 poterat
1151 1478 1396 1536 negare.
1481 1462 1744 1520 XLVIII.
1794 1460 1934 1523 198.
1978 1460 2359 1534 Accedebat,

286 1555 348 1605 ut
391 1545 546 1604 haec
588 1552 655 1605 tu
688 1544 1056 1606 adolescens
1089 1561 1203 1620 pro
1235 1562 1303 1605 re
1335 1543 1580 1620 publica
1612 1543 1785 1620 queri
1822 1560 2061 1604 summa
2095 1559 2232 1605 cum
2263 1542 2355 1602 di-

282 1628 508 1704 gnitate
533 1627 986 1700 existimarere3
1017 1644 1134 1704 ego
1151 1675 1166 1702 ,
1193 1628 1375 1689 homo
1402 1628 1724 1689 censorius
1742 1674 1758 1702 ,
1789 1626 1896 1688 vix
1920 1626 2068 1688 satis
2092 1628 2357 1687 honeste·

285 1711 528 1772 viderer
563 1711 926 1772 seditiosum
956 1710 1152 1772 civem
1179 1712 1320 1773 etin
1343 1711 1610 1772 hominis
1637 1711 1982 1774 consularis
2009 1709 2358 1771 calamitate

284 1796 594 1856 crudelem
627 1811 818 1870 posse
851 1795 1202 1856 defendere.
1267 1797 1456 1857 Erant
1488 1795 1701 1872 optimi
1732 1796 1902 1857 cives
1938 1795 2208 1868 iudiceS,
2239 1795 2351 1854 bo-

259 1897 499 1943 ·norum
537 1881 805 1940 virorum
835 1880 1083 1954 plenum
1121 1881 1348 1953 forum,
1392 1879 1500 1940 vix
1529 1888 1596 1941 ut
1627 1879 1774 1940 mihi
1814 1877 2013 1940 tenuis
2047 1879 2353 1954 quaedam

227 1967 230 1970 ’
290 1964 462 2025 venia
505 1965 752 2026 daretur
787 1963 1238 2045 excusationiS,
1291 1966 1459 2040 quod
1506 1973 1703 2026 tamen
1750 1982 1888 2025 eum
1935 1964 2355 2035 defenderem,

284 2048 389 2125 qui
437 2048 584 2109 mihi
634 2053 928 2124 quaestor
971 2048 1206 2109 fuisset.
1273 2049 1388 2108 Hic
1430 2065 1546 2124 ego
1593 2048 1741 2125 quid
1787 2050 1983 2108 dicam
2018 2064 2113 2108 me
2158 2054 2355 2106 artem

282 2131 549 2208 aliquam
584 2130 986 2193 adhibuisse?
1061 2131 1218 2206 Quid
1253 2132 1533 2207 fecerim,
1567 2134 1848 2193 narrabo.
1924 2131 1988 2191 Si
2034 2131 2355 2207 placuerit,

282 2233 396 2276 vos
428 2233 625 2277 meam
657 2215 1080 2276 defensionem
1112 2214 1171 2274 in
1206 2214 1413 2290 aliquo
1448 2215 1597 2277 artis
1634 2218 1772 2277 loco
1808 2214 2143 2291 reponetis.
2204 2213 2351 2277 199.

283 2298 561 2360 Omnium
607 2298 974 2360 seditionum
1009 2316 1264 2374 genera,
1310 2298 1487 2374 vitia,
1526 2302 1800 2376 pericula
1831 2299 2048 2374 collegi
2085 2316 2355 2373 eamque

282 2382 620 2443 orationem
651 2400 730 2444 ex
766 2384 928 2442 omni
958 2383 1047 2443 rei
1080 2381 1363 2458 publicae
1397 2393 1645 2445 nostrae
1681 2395 2019 2459 temporum
2055 2382 2353 2443 varietate

283 2465 538 2541 repetivi
572 2473 980 2541 conclusique
1009 2472 1110 2541 ita,
1139 2475 1207 2528 ut
1240 2470 1529 2540 dicerem,
1562 2469 1680 2527 etsi
1710 2482 1926 2526 omnes
1953 2480 2200 2538 semper
2222 2479 2353 2522 mo-

284 2557 477 2613 lestae
507 2551 847 2612 seditiones
881 2550 1179 2629 fuissent,
1212 2552 1407 2612 iustas
1448 2560 1647 2611 tamen
1690 2551 1886 2610 fuisse
1928 2549 2254 2609 nonnullas
2295 2555 2362 2607 et

287 2638 481 2698 prope
531 2627 935 2684 necessarias.
1006 2627 1154 2687 Tum
1201 2627 1327 2699 illa,
1376 2646 1534 2703 quae
1567 2632 1750 2690 modo
1793 2633 2052 2691 Crassus
2086 2647 2354 2692 comme-

285 2706 590 2780 morabat,
639 2708 764 2783 egi;
811 2726 1013 2783 neque
1060 2728 1238 2786 reges
1272 2730 1351 2772 ex
1392 2713 1508 2772 hac
1543 2713 1786 2774 civitate
1818 2713 1980 2789 exigi
2011 2732 2213 2791 neque
2249 2715 2356 2776 tri-

283 2790 482 2851 bunos
508 2790 707 2867 plebis
740 2793 934 2853 creari
962 2810 1165 2870 neque
1197 2795 1535 2869 plebiscitis
1566 2797 1788 2858 totiens
1820 2800 2206 2860 consularem
2237 2816 2354 2874 po-

283 2883 562 2935 testatem
597 2875 786 2936 minui
822 2893 1026 2952 neque
1060 2878 1597 2954 provocationem,
1642 2891 1964 2957 patronam
2008 2882 2171 2943 illam
2200 2882 2353 2943 civi—

281 2956 420 3018 tatis
453 2974 526 3017 ac
556 2959 859 3020 vindicem
895 2960 1214 3034 libertatis,
1263 2966 1497 3037 populo
1532 2966 1810 3027 Romano
1845 2967 1975 3026 dari
2010 2966 2144 3027 sine
2176 2967 2349 3027 nobi-

281 3039 422 3100 lium
454 3039 846 3103 dissensione
875 3043 1186 3119 potuisse3
1231 3061 1334 3121 ac,
1368 3046 1422 3106 si
1453 3045 1592 3109 illae
1622 3050 1957 3111 seditiones
1989 3050 2168 3110 saluti
2204 3049 2353 3111 huic

280 3123 506 3185 civitati
544 3124 831 3199 fuissent,
879 3142 1000 3185 non
1033 3127 1356 3204 continuo,
1401 3129 1455 3191 si
1489 3131 1628 3207 quis
1665 3142 1867 3194 motus
1899 3135 2110 3209 populi
2148 3136 2352 3196 factus

277 3215 473 3277 esset,
521 3206 583 3268 id
620 3209 681 3269 C.
717 3210 1002 3271 Norbano
1036 3209 1096 3269 in
1128 3212 1361 3275 nefario
1396 3213 1645 3276 crimine
1680 3226 1865 3292 atque
1900 3218 1958 3276 in
1994 3218 2208 3278 fraude
2244 3235 2351 3278 ca-

278 3288 446 3364 pitali
469 3306 615 3351 esse
640 3293 1012 3367 ponendum.
1067 3293 1301 3368 Quodsi
1328 3313 1613 3373 umquam
1639 3302 1874 3376 populo
1893 3302 2171 3362 Romano
2197 3318 2348 3362 con-

275 3393 521 3438 cessum
575 3390 774 3450 esset,
830 3388 897 3439 ut
935 3395 1067 3438 iure
1107 3382 1396 3441 incitatus
1437 3379 1778 3457 videretur,
1833 3385 1895 3446 id
1947 3390 2115 3462 quod
2165 3389 2356 3447 doce·

273 3459 409 3518 bam
462 3477 653 3530 saepe
712 3478 856 3522 esse
917 3478 1313 3531 concessum.
1365 3468 1593 3525 nullam
1644 3468 1746 3527 illa
1787 3485 1978 3530 causa
2029 3470 2353 3531 iustiorem
