2622 3908
283 167 366 232 72
1047 169 1153 229 DE
1197 148 1567 230 onAroRE

280 338 450 398 dem.
496 351 870 411 quamquam
909 342 1006 396 est
1033 334 1094 395 in
1123 351 1192 395 re
1221 336 1470 412 publica
1497 344 1785 399 versatus
1805 383 1819 409 ,
1866 352 1942 396 ex
1974 354 2231 400 numero
2261 354 2363 401 aca

282 419 558 495 cepimus
593 435 838 492 eorum,
885 418 990 494 qui
1025 435 1248 480 causas
1282 420 1662 495 dictitarent;
1708 428 1771 482 et
1813 421 1930 481 hos
1961 420 2137 496 ipsos
2166 423 2358 484 libros

280 513 410 566 tum
441 503 772 580 scripsisse
803 502 1042 576 dicitur,
1082 521 1270 578 quum
1299 520 1339 563 a
1369 520 1438 564 re
1466 507 1717 581 publica
1746 511 2023 566 remotus
2056 514 2259 581 atque,
2297 506 2361 567 id

283 589 453 663 quod
497 587 729 663 optimo
774 587 999 662 cuique
1027 588 1287 649 Athenis
1329 588 1615 650 accidere
1655 590 1901 650 solitum
1948 596 2071 662 est,
2107 589 2169 650 in
2203 590 2363 661 exsi-

285 674 428 735 lium
457 674 676 748 pulsus
709 677 897 732 esset.
951 674 1053 732 57.
1087 671 1264 731 Hunc
1295 681 1672 734 consecutus
1705 682 1799 735 est
1829 673 2204 749 Syracusius
2227 673 2362 734 Phi-

278 755 490 829 listuS,
548 755 684 831 qui,
739 772 929 831 quum
969 755 1256 832 Dionysii
1305 758 1554 832 tyranni
1604 756 2112 818 familiarissimus
2173 764 2363 829 esset,

284 841 474 901 otium
523 857 703 900 suum
758 840 1146 916 consumpsit
1191 841 1252 900 in
1304 841 1564 902 historia
1613 841 1942 902 scribenda
1974 841 2365 916 maximeque

281 924 706 1001 Thucydidem
739 931 852 996 est,
879 924 1039 984 sicut
1067 923 1211 984 mihi
1239 923 1506 998 videtur,
1530 925 1819 987 imitatus.
1854 927 2083 988 Postea
2104 941 2255 985 vero
2286 943 2364 984 ex

282 1008 626 1070 clarissima
655 1008 832 1083 quasi
864 1008 1180 1068 rhetorum
1214 1009 1465 1069 officina
1501 1012 1624 1071 duo
1670 1017 2060 1085 praestantes
2094 1008 2362 1086 ingenio,

281 1095 723 1169 Theopompus
755 1099 817 1153 et
839 1091 1148 1168 Ephorus,
1181 1093 1257 1152 ab
1282 1095 1557 1155 Isocrate
1587 1094 1880 1170 magistro
1911 1093 2160 1169 impulsi
2191 1110 2262 1154 se
2286 1092 2365 1154 ad

284 1177 601 1241 historiam
637 1176 1060 1238 contulerunt.
1106 1193 1329 1238 causas
1362 1179 1610 1239 omnino
1644 1195 1979 1254 numquam
2010 1177 2363 1253 attigerunt.

279 1262 440 1322 XIV.
492 1261 592 1323 58.
655 1262 936 1337 Denique
981 1258 1164 1322 etiam
1206 1278 1245 1321 a
1285 1261 1680 1339 philosophia
1721 1265 2041 1339 profectus
2073 1261 2364 1338 princeps

279 1347 663 1421 Xenophon,
699 1345 1057 1406 Socraticus
1101 1345 1232 1417 ille,
1276 1353 1425 1421 post
1465 1348 1543 1407 ab
1573 1347 1908 1407 Aristotele
1940 1346 2365 1418 Callisthenes,

285 1445 497 1489 comes
528 1428 886 1502 Alexandri,
919 1425 1169 1504 scripsit
1196 1428 1543 1503 historiam,
1590 1430 1652 1491 et
1689 1429 1743 1492 is
1776 1430 2022 1506 quidem
2053 1430 2366 1491 rhetorico

285 1529 487 1589 paene
527 1528 732 1585 more;
777 1512 881 1572 ille
921 1520 1127 1572 autem
1169 1514 1457 1588 superior
1497 1515 1733 1575 leniore
1779 1515 2046 1590 quodam
2080 1531 2239 1575 sono
2273 1522 2362 1576 esl

282 1614 438 1658 usus
458 1642 472 1669 ,
518 1604 579 1658 et
610 1596 714 1672 qui
752 1596 920 1658 illum
953 1596 1248 1672 impetum
1280 1597 1546 1659 oratoris
1577 1615 1702 1660 non
1733 1599 1986 1672 habeat,
2029 1599 2364 1659 vehemens

266 1683 554 1743 ‘fortasse
582 1681 816 1754 minus,
848 1681 962 1741 sed
993 1681 1308 1757 aliquanto
1338 1689 1544 1742 tamen
1577 1690 1702 1755 est,
1734 1687 1803 1743 ut
1829 1683 1974 1744 mihi
2004 1682 2253 1759 quidem
2280 1682 2363 1742 vi-

284 1769 482 1839 detur,
514 1764 773 1827 dulcior.
813 1764 1099 1826 Minimus
1123 1772 1272 1827 natu
1303 1767 1524 1827 horum
1552 1765 1819 1828 omnium
1840 1766 2146 1838 TimaeuS,
2179 1782 2365 1842 quan·

282 1864 410 1912 tum
455 1859 660 1911 autem
700 1850 978 1911 iudicare
1007 1848 1298 1926 possum,
1346 1853 1531 1928 longe
1573 1850 2023 1913 eruditissimus
2058 1859 2119 1911 et
2160 1867 2367 1911 rerum

284 1937 466 2012 copia
489 1942 551 1997 et
571 1935 1016 1997 sententiarum
1038 1935 1340 1997 varietate
1362 1935 1926 1998 abundantissimus
1958 1943 2019 1997 et
2040 1935 2180 2013 ipsa
2204 1950 2365 1995 com-

287 2020 597 2097 positione
631 2021 968 2082 verborum
1011 2038 1136 2081 non
1181 2020 1497 2096 impolitus
1526 2025 1807 2098 magnam
1842 2019 2256 2097 eloquentiam
2288 2020 2366 2079 ad

285 2106 685 2167 scribendum
712 2105 929 2176 attulit,
963 2106 1078 2165 sed
1110 2107 1344 2164 nullum
1370 2122 1549 2166 usum
1573 2107 1905 2166 forensem.

455 2188 554 2248 59.
614 2190 785 2248 Haec
822 2204 1011 2262 quum
1042 2187 1145 2248 ille
1172 2187 1467 2260 dixisset,
1505 2190 1661 2263 Quid
1693 2196 1816 2262 est,
1845 2187 2075 2284 inquit,
2110 2189 2365 2248 Catule?

283 2275 543 2333 Caesar.
569 2271 681 2333 Ubi
721 2278 895 2344 sunt,
931 2269 1036 2344 qui
1063 2269 1405 2331 Antonium
1438 2274 1673 2333 Graece
1703 2282 1929 2349 negant
1959 2267 2162 2332 scire?
2214 2278 2367 2347 quot

283 2355 619 2417 historicos
655 2354 1023 2415 nominavit!
1072 2370 1256 2431 quam
1287 2354 1584 2430 scienter,
1630 2374 1814 2433 quam
1841 2356 2097 2434 proprie
2128 2356 2207 2415 de
2241 2372 2365 2416 uno

285 2456 540 2516 quoque
583 2438 766 2500 dixit!
825 2441 894 2500 Id
934 2439 1304 2514 mehercule,
1345 2440 1544 2517 inquit
1575 2443 1844 2514 CatuluS,
1877 2440 2187 2501 admirans
2216 2439 2368 2500 illud

285 2528 403 2589 iam
439 2523 644 2584 mirari
686 2521 936 2596 desino,
980 2524 1148 2599 quod
1183 2527 1376 2586 multo
1419 2525 1615 2601 magis
1656 2532 1800 2586 ante
1841 2526 2138 2597 mirabar,
2181 2524 2365 2595 hunc,

288 2626 475 2684 quum
507 2609 662 2669 haec
691 2608 992 2682 nesciret,
1028 2608 1089 2668 in
1132 2608 1397 2671 dicendo
1442 2627 1638 2686 posse
1678 2618 1933 2673 tantum.
1990 2610 2213 2686 Atqui,
2261 2608 2367 2667 Ca-

286 2696 438 2766 lule,
478 2692 675 2770 inquit
702 2692 1042 2765 Antonius,
1087 2710 1212 2754 non
1243 2710 1359 2769 ego
1394 2694 1713 2756 utilitatem
1745 2694 2018 2770 aliquam
2052 2693 2130 2754 ad
2166 2692 2366 2754 dicen·

284 2780 430 2839 dum
462 2795 783 2854 aucupans
814 2778 1034 2839 horum
1064 2777 1255 2839 libros
1289 2785 1351 2838 et
1381 2780 1714 2840 nonnullos
1745 2777 1922 2851 alioS,
1955 2778 2071 2839 sed
2102 2778 2367 2837 delecta·

286 2862 470 2923 tionis
502 2879 722 2933 causa,
759 2879 947 2937 quum
979 2868 1076 2924 est
1107 2862 1327 2934 otium,
1360 2864 1574 2937 legere
1604 2866 1804 2924 soleo.
1848 2864 1951 2925 60.
1985 2861 2141 2936 Quid
2172 2861 2367 2935 ergo?

286 2954 409 3020 est,
463 2947 734 3018 fatebor,
789 2945 1021 3021 aliquid
1081 2953 1319 3019 tamen3
1372 2954 1467 3019 ut,
1516 2964 1705 3022 quum
1748 2948 1809 3007 in
1852 2950 1989 3007 sole
2039 2946 2365 3018 ambulem,

286 3030 526 3092 etiamsi
567 3046 683 3105 ego
730 3030 810 3090 ob
840 3028 1008 3090 aliud
1035 3030 1372 3103 ambulem,
1410 3030 1544 3091 fieri
1575 3039 1794 3093 natura
1823 3037 2060 3102 tamen,
2102 3037 2172 3089 ut
2201 3030 2368 3088 colo-

284 3132 418 3189 rer,
473 3114 595 3188 sic,
655 3131 844 3189 quum
889 3114 1045 3174 istos
1096 3113 1289 3175 libros
1342 3115 1422 3174 ad
1451 3116 1755 3177 Misenum
1812 3150 1885 3160 —-
1941 3131 2081 3174 nam
2131 3115 2370 3174 Romae

285 3201 394 3260 vix
436 3199 580 3262 licet
618 3234 702 3245 -
747 3197 1090 3260 studiosius
1137 3199 1423 3273 legerim,
1482 3200 1680 3261 sentio
1724 3200 1967 3261 illorum
2006 3206 2174 3259 tactu
2235 3212 2369 3257 ora-

287 3283 516 3344 tionem
539 3300 740 3345 meam
773 3282 950 3360 quasi
984 3282 1268 3343 colorari.
1323 3282 1450 3344 Sed
1477 3301 1557 3344 ne
1585 3285 1765 3345 latius
1798 3285 1918 3345 hoc
1940 3282 2122 3344 vobis
2154 3289 2369 3359 patere

287 3367 589 3441 videatur,
625 3369 780 3428 haec
810 3369 1128 3428 dumtaxat
1166 3365 1227 3426 in
1266 3367 1518 3430 Graecis
1550 3366 1855 3443 intelligo,
1890 3384 2051 3444 quae
2078 3366 2231 3443 ipsi,
2266 3363 2367 3440 qui

291 3451 705 3525 scripserunt,
746 3453 1080 3512 voluerunt
1125 3453 1314 3526 vulgo
1359 3449 1644 3527 intelligi:
1705 3451 1807 3512 61.
1853 3451 1915 3513 in
1956 3450 2367 3528 philosophos
