2622 3908
777 177 918 236 LIB.
947 177 988 235 1.
1033 175 1195 236 CAP.
1219 183 1460 240 57—59.
1506 182 1559 242 s.
1584 185 1896 240 244—251.
2284 172 2364 239 55

298 332 439 391 tiam
480 329 896 388 desiderasse.
959 326 1146 388 Aliud
1187 337 1283 389 est
1324 326 1486 388 enim
1527 343 1672 388 esse
1714 325 2010 388 artificem
2051 329 2366 389 cuiusdam

298 412 539 486 generis
569 422 754 488 atque
784 410 963 484 artis,
996 409 1162 472 aliud
1194 411 1257 472 in
1288 412 1593 472 communi
1631 411 1756 472 vita
1799 419 1860 472 ct
1901 413 2133 487 vulgari
2177 412 2365 472 homi—

297 511 441 554 num
472 495 920 556 consuetudine
964 511 1078 555 nec
1121 495 1401 556 hebetem
1443 511 1557 555 nec
1597 494 1829 554 rudem.
1918 494 2060 556 249.
2107 495 2214 555 Cui
2258 513 2365 557 no-

298 588 488 640 strum
515 596 639 640 non
668 578 810 638 licet
840 579 1065 639 fundos
1096 588 1344 640 nostros
1374 577 1545 639 obire
1573 587 1676 639 aut
1703 594 1805 638 res
1833 580 2096 640 rusticas
2122 581 2217 639 vel
2250 581 2365 641 fru-

296 672 434 724 ctus
464 678 655 724 causa
685 664 782 723 vel
815 661 1237 724 delectationis
1268 663 1536 723 invisere
1567 669 1811 722 tamen?
1866 679 2045 722 nemo
2083 671 2203 724 tam
2236 665 2369 724 sine

296 745 495 808 oculis
513 793 528 819 ,
561 755 682 807 tam
712 744 847 806 sine
877 754 1079 806 mente
1110 745 1284 819 vivit,
1317 756 1383 808 ut
1414 747 1562 822 quid
1592 747 1671 806 sit
1699 747 1990 806 sementis
2023 763 2095 806 ac
2124 749 2366 820 messis,

295 829 449 905 quid
474 831 761 891 arborum
790 828 1025 905 putatio
1055 847 1129 890 ac
1161 829 1404 903 vitium,
1453 847 1575 906 quo
1620 838 1894 904 tempore
1940 829 2083 888 anni
2112 839 2216 890 aut
2247 847 2369 906 quo

294 913 480 974 modo
512 931 587 974 ea
615 914 765 974 flant
792 914 1038 974 omnino
1076 915 1331 976 nesciat.
1415 915 1569 974 Num
1601 912 1781 988 igitur
1811 913 1863 987 si
1890 911 1992 989 qui
2022 913 2247 973 fundus
2281 913 2367 974 in-

293 997 656 1073 spiciendus
698 1004 803 1058 aut
845 1000 899 1057 si
940 999 1354 1058 mandandum
1404 997 1639 1073 aliquid
1697 994 2079 1073 procuratori
2113 997 2198 1056 de
2242 996 2367 1071 agri

244 1110 253 1116 ·
294 1081 533 1141 cultura
566 1089 671 1141 aut
699 1079 1120 1156 imperandum
1148 1083 1354 1143 villico
1385 1093 1508 1160 est,
1539 1080 1820 1155 Magonis
1844 1079 2367 1156 Karthaginiensis

295 1172 439 1225 sunt
467 1163 603 1224 libri
632 1163 1058 1240 perdiscendi,
1092 1183 1171 1225 an
1204 1166 1321 1226 hac
1358 1164 1665 1226 communi
1694 1163 2089 1239 intelligentia
2120 1175 2381 1244 conten·⁸

294 1247 339 1310 ti
367 1264 512 1308 esse
542 1256 922 1322 possumus?
979 1249 1098 1309 Cur
1124 1265 1270 1323 ergo
1303 1265 1425 1309 non
1468 1247 1653 1308 iidem
1693 1248 1754 1307 in
1797 1246 1929 1308 iure
1968 1246 2162 1321 civili,
2192 1264 2360 1323 prae-

294 1332 506 1392 sertim
536 1349 724 1407 quum
752 1332 813 1392 in
850 1334 1056 1393 causis
1085 1340 1146 1395 et
1173 1331 1234 1392 in
1267 1332 1529 1406 negotiis
1585 1339 1647 1392 et
1685 1331 1747 1392 in
1795 1332 1931 1392 foro
1963 1340 2365 1404 conteramur,

290 1416 443 1477 satis
473 1414 751 1476 instructi
780 1433 925 1476 esse
959 1433 1294 1491 possumus
1324 1417 1405 1476 ad
1433 1417 1552 1477 hoc
1588 1416 1930 1489 dumtaxat,
1963 1431 2041 1475 ne
2071 1413 2130 1475 in
2160 1423 2366 1478 nostra

292 1509 491 1576 patria
522 1498 828 1575 peregrini
857 1508 1041 1576 atque
1070 1502 1349 1561 advenae
1389 1517 1532 1561 esse
1564 1499 1921 1561 videamur?
2004 1498 2148 1561 250.
2192 1503 2285 1560 Ac
2315 1499 2366 1560 s‘

258 1652 263 1657 U
291 1584 411 1643 iam
443 1583 522 1644 sit
552 1599 742 1644 causa
770 1584 978 1660 aliqua
1004 1586 1085 1644 ad
1114 1603 1229 1647 nos
1261 1586 1463 1646 delata
1493 1585 1832 1657 obscurior,
1860 1583 2126 1656 difficile,
2160 1584 2367 1655 credo,

290 1667 373 1728 sit
437 1684 576 1728 cum
606 1667 726 1728 hoc
757 1667 1058 1730 Scaevola
1087 1667 1569 1739 communicare;
1604 1686 1973 1743 quamquam
2003 1667 2124 1743 ipsi
2147 1666 2369 1740 omnia,

294 1767 556 1826 quorum
585 1752 898 1825 negotium
933 1760 1057 1826 est,
1105 1753 1385 1814 consulta
1408 1754 1488 1813 ad
1510 1769 1626 1812 nos
1651 1761 1712 1813 et
1734 1752 2043 1826 exquisita
2065 1752 2361 1811 deserunt„

294 1837 394 1894 An
424 1851 606 1911 vero,
634 1835 690 1895 si
721 1836 799 1896 de
831 1852 901 1896 re
934 1834 1102 1913 ipsa,
1137 1838 1189 1897 si
1219 1837 1298 1897 de
1328 1837 1585 1908 finibuS,
1617 1852 1801 1909 quum
1830 1835 1891 1893 in
1914 1851 2045 1894 rem
2074 1850 2366 1909 praesen-

293 1928 415 1981 tem
451 1935 575 1979 non
609 1918 922 1995 venimuS,
965 1921 1018 1981 si
1060 1920 1138 1980 de
1180 1920 1399 1981 tabulis
1441 1927 1502 1980 et
1543 1917 2095 1994 perscriptionibus
2127 1925 2363 1980 contro-

293 2002 499 2063 versia
527 2011 651 2078 est,
686 2012 1000 2065 contortas
1021 2021 1123 2064 res
1156 2013 1217 2065 et
1246 2020 1437 2078 saepe
1467 2001 1751 2062 difficiles
1781 2002 2136 2062 necessario
2169 2003 2363 2078 perdi-

292 2085 558 2149 scimus=
596 2087 650 2149 si
680 2090 852 2163 leges
882 2087 1062 2149 nobis
1095 2097 1201 2149 aut
1230 2086 1283 2149 si
1328 2087 1640 2147 hominum
1686 2084 2023 2161 peritorum
2063 2102 2367 2162 responsa

296 2173 734 2246 cognoscenda
764 2180 932 2245 sunt,
977 2190 1260 2234 veremur
1300 2189 1379 2232 ne
1427 2188 1533 2246 ea,
1580 2170 1632 2230 si
1673 2170 1751 2230 ab
1793 2169 2215 2231 adolescentia
2255 2169 2367 2230 iuri

296 2254 455 2316 civili
491 2255 692 2317 minus
725 2257 1171 2333 studuerimus,
1204 2274 1328 2318 non
1361 2272 1659 2330 queamus
1695 2262 2121 2331 cognoscere?

465 2340 608 2400 LIX.
649 2339 890 2400 Nihilne
919 2342 1101 2416 igitur
1121 2341 1380 2416 prodest
1408 2339 1637 2402 oratori
1663 2338 1814 2400 iuris
1846 2339 2042 2401 civilis
2073 2336 2394 2418 scientia?

291 2422 425 2483 Non
459 2440 720 2499 possum
749 2440 976 2499 negare
1010 2426 1316 2500 prodesse
1361 2426 1546 2486 ullam
1590 2422 1939 2496 scientiam,
1986 2422 2043 2484 ei
2089 2439 2366 2499 praeser-

292 2507 426 2580 tim,
458 2508 632 2568 cuius
662 2507 1014 2584 eloquentia
1058 2509 1238 2583 copia
1279 2525 1482 2568 rerum
1515 2509 1754 2568 debeat·
1776 2524 1920 2568 esse
1956 2516 2197 2578 ornata;
2256 2506 2371 2567 sed

289 2592 475 2651 multa
506 2600 567 2652 et
593 2607 814 2666 magna
843 2600 904 2652 et
934 2590 1206 2651 difficilia
1237 2598 1380 2651 sunt
1406 2608 1510 2665 ea,
1544 2608 1704 2666 quae
1728 2600 1869 2652 sunt
1890 2590 2119 2653 oratori
2153 2607 2368 2652 neces-

289 2673 482 2746 saria,
528 2682 595 2737 ut
623 2674 758 2735 eius
802 2673 1166 2736 industriam
1205 2673 1266 2734 in
1310 2674 1489 2750 plura
1531 2674 1735 2735 studia
1780 2674 2120 2736 distrahere
2163 2673 2369 2734 nolim.

286 2756 433 2820 251.
479 2758 629 2834 Quis
661 2767 843 2834 neget
871 2775 1035 2834 opus
1065 2776 1210 2819 esse
1242 2756 1471 2819 oratori
1499 2756 1561 2817 in
1591 2758 1711 2818 hoc
1741 2756 2011 2818 oratorio
2045 2764 2214 2818 motu
2245 2764 2364 2817 sta-

290 2851 478 2917 tuque
506 2840 720 2904 Roscii
748 2851 990 2917 gestum
1017 2852 1080 2904 et
1118 2848 1548 2904 venustatem?
1613 2843 1839 2901 Tamen
1881 2857 2060 2901 nemo
2106 2839 2364 2902 suaserit

290 2925 592 2987 studiosis
623 2925 869 2986 dicendi
914 2925 1415 2988 adolescentibus
1457 2924 1519 2985 in
1561 2935 1740 3001 gestu
1781 2924 2084 2987 discendo
2125 2921 2366 2986 histrio-

290 3024 432 3068 num
458 3027 630 3070 more
658 3011 995 3071 elaborare.
1048 3008 1204 3085 Quid
1227 3017 1326 3072 est
1347 3009 1576 3071 oratori
1600 3018 1720 3071 tam
1744 3008 2160 3071 necessarium
2187 3024 2364 3083 quam

292 3100 459 3153 vox?
511 3094 738 3155 Tamen
767 3110 865 3154 me
895 3101 1145 3156 auctore
1176 3110 1354 3155 nemo
1382 3092 1627 3154 dicendi
1657 3092 1973 3155 studiosus
1997 3093 2364 3152 Graecorum

295 3198 470 3241 more
518 3183 956 3254 tragoedorum
1001 3178 1143 3239 voci
1187 3177 1443 3249 serviet,
1498 3177 1603 3252 qui
1653 3187 1716 3238 et
1765 3195 1965 3239 annos
2018 3179 2367 3251 complures

297 3266 586 3325 sedentes
623 3264 1014 3326 declamitant
1043 3271 1105 3322 et
1139 3261 1389 3333 cotidie,
1425 3271 1567 3321 ante
1601 3278 1782 3336 quam
1806 3260 2230 3337 pronuntient,
2262 3277 2368 3321 vo·

300 3364 433 3408 cem
474 3349 770 3409 cubantes
812 3348 1043 3408 sensim
1075 3345 1343 3406 excitant
1382 3347 1816 3420 eamdemque,
1860 3362 2045 3420 quum
2095 3353 2352 3421 egerunt

300 3434 591 3493 sedentes
630 3432 707 3492 ab
740 3431 1095 3493 acutissimo
1136 3446 1292 3489 sono
1324 3446 1527 3505 usque
1568 3429 1647 3488 ad
1687 3428 2117 3502 gravissimum
2150 3445 2370 3491 sonum
