2622 3908
313 222 393 283 22
917 314 926 323 .
1082 222 1182 281 DE
1227 221 1592 283 ORATORE

313 393 497 454 quam
530 392 676 438 esse
704 373 991 435 dicendi?
1075 373 1273 449 Quid?
1324 372 1471 434 mihi
1496 391 1613 435 vos
1644 391 1841 447 nunc,
1872 372 2072 450 inquit
2107 375 2385 452 Crassus,

311 469 618 536 tamquam
647 457 829 519 alicui
864 458 1160 519 Graeculo
1202 456 1410 519 otioso
1448 466 1510 520 et
1540 459 1786 533 loquaci
1819 465 1881 519 et
1909 459 2175 520 fortasse
2203 458 2388 521 docto

313 553 497 620 atque
528 541 763 603 erudito
799 541 1327 617 quaestiunculam
1345 588 1360 614 ,
1393 542 1471 602 de
1500 558 1624 617 qua
1662 557 1800 602 meo
1827 540 2120 603 arbitratu
2147 545 2387 618 loquar,

312 626 586 705 ponitis?
629 625 885 701 Quando
917 624 1077 686 enim
1106 642 1204 686 me
1233 624 1353 686 ista
1381 641 1635 686 curasse
1665 634 1769 687 aut
1797 623 2107 700 cogitasse
2135 625 2388 687 arbitra-

312 710 456 771 mini
487 719 546 770 et
575 727 698 770 non
744 725 990 785 semper
1029 708 1298 770 irrisisse
1339 710 1547 784 potius
1589 725 1803 769 eorum
1838 707 2150 770 hominum
2192 708 2386 784 Impu—

312 794 608 866 dentiam,
643 792 748 869 qui
793 810 978 869 quum
1023 792 1084 853 in
1129 793 1344 854 schola
1385 791 1777 853 adsedissent
1816 808 2038 867 magna
2076 791 2389 852 hominum

314 874 685 953 frequentia,
731 875 937 937 dicere
965 876 1274 950 iuberent,
1320 874 1374 936 si
1417 875 1555 951 quis
1600 874 1749 950 quid
1790 884 2156 952 quaereret?
2243 875 2386 937 103.

313 962 492 1036 Quod
520 959 779 1037 primum
819 962 1020 1021 ferunt
1058 958 1424 1022 Leontinum
1468 960 1692 1020 fecisse
1735 959 2049 1034 Gorgiam,
2106 958 2213 1036 qui
2248 976 2386 1035 per-

312 1062 598 1120 magnum
629 1042 919 1119 quiddam
952 1044 1270 1120 suscipere
1298 1060 1373 1103 ac
1402 1040 1676 1119 profiteri
1708 1042 2063 1117 videbatur,
2098 1060 2285 1119 quum
2316 1060 2385 1103 se

311 1130 389 1188 ad
420 1126 640 1202 omnia,
675 1129 754 1187 de
786 1127 1008 1203 quibus
1040 1127 1304 1203 quisque
1332 1125 1546 1188 audire
1573 1127 1774 1201 vellet,
1804 1143 1948 1188 esse
1975 1136 2250 1203 paratum
2281 1127 2383 1186 de-

312 1209 640 1273 nuntiaret.
702 1211 925 1274 Postea
951 1227 1101 1272 vero
1131 1212 1318 1286 vulgo
1342 1211 1461 1271 hoc
1488 1211 1692 1271 facere
1716 1220 2053 1286 coeperunt
2078 1211 2386 1285 hodieque

312 1296 569 1369 faciunt,
602 1304 664 1355 ut
692 1297 858 1356 nulla
887 1294 966 1356 sit
993 1312 1093 1355 res
1122 1311 1325 1370 neque
1354 1302 1520 1355 tanta
1548 1312 1751 1371 neque
1779 1303 1902 1356 tam
1923 1294 2259 1371 improvisa
2282 1310 2383 1353 ne-

315 1395 436 1455 que
465 1388 587 1440 tam
617 1396 799 1451 nova,
836 1380 915 1440 de
946 1396 1069 1454 qua
1099 1396 1169 1439 se
1198 1396 1321 1439 non
1351 1377 1573 1453 omnia,
1605 1396 1765 1454 quae
1797 1377 1919 1438 dici
1954 1377 2215 1454 possint,
2243 1394 2384 1453 pro-

312 1464 597 1523 fiteantur
630 1466 783 1522 'esse
823 1461 1119 1523 dicturos.
1207 1460 1350 1524 104.
1399 1461 1632 1537 Quodsi
1683 1472 1770 1538 te,
1816 1463 2017 1537 Cotta,
2060 1461 2387 1524 arbitrarer

310 1554 416 1606 aut
443 1556 532 1619 te,
570 1543 840 1620 Sulpici,
883 1547 961 1606 de
999 1546 1074 1606 iis
1116 1547 1302 1607 rebus
1344 1546 1557 1607 audire
1597 1548 1782 1620 velle,
1823 1545 2223 1608 adduxissem
2265 1544 2385 1605 huc

312 1628 612 1690 Graecum
642 1628 938 1703 aliquem,
973 1630 1078 1706 qui
1106 1647 1224 1691 vos
1269 1629 1618 1691 istiusmodi
1659 1628 2175 1705 disputationibus
2219 1628 2383 1688 dele-

310 1723 531 1786 ctaret3
595 1714 760 1788 quod
803 1729 880 1773 ne
921 1730 1081 1793 nunc
1115 1713 1362 1789 quidem
1403 1713 1653 1774 difficile
1689 1714 1851 1774 factu
1881 1720 1994 1773 est.
2082 1713 2194 1772 Est
2221 1710 2383 1771 enim

310 1798 479 1873 apud
509 1799 590 1858 Μ.
620 1798 912 1859 Pisonem
956 1798 1423 1858 adolescentem
1466 1797 1606 1856 huic
1650 1795 1854 1856 studio
1900 1795 2188 1869 deditum,
2221 1811 2383 1877 sum-

250 1959 259 1965 ·
310 1898 408 1940 mo
441 1880 747 1943 hominem
777 1881 1022 1957 ingenio
1059 1881 1378 1958 nostrique
1411 1879 1903 1957 cupidissimum,
1942 1877 2383 1956 Peripateticus

311 1966 594 2038 StaseaS,
624 1965 808 2027 homo
839 1965 1017 2028 nobis
1048 1984 1199 2028 sane
1231 1964 1541 2027 familiaris
1575 1974 1662 2039 et,
1695 1973 1762 2027 ut
1789 1963 1945 2026 inter
1971 1962 2252 2025 homines
2276 1980 2382 2038 pe-

309 2048 461 2110 ritos
498 2057 781 2110 constare
827 2050 1040 2125 video,
1082 2050 1144 2111 in
1187 2049 1290 2112 illo
1335 2066 1451 2111 suo
1494 2065 1720 2125 genere
1762 2048 2029 2110 omnium
2072 2047 2383 2124 princeps.

308 2134 519 2195 XXIII.
565 2132 705 2195 105.
753 2133 941 2207 Quem
972 2142 1036 2195 tu
1065 2131 1241 2205 mihi,
1281 2132 1480 2209 inquit
1521 2131 1792 2205 MuciuS,
1844 2132 2156 2206 Staseam,
2202 2147 2382 2207 quem

309 2215 778 2291 Peripateticum
814 2225 1073 2277 narras?
1158 2218 1478 2279 Gerendus
1519 2224 1615 2277 est
1654 2215 1761 2278 tibi
1809 2234 1945 2278 mos
1976 2212 2381 2278 adolescenti·

312 2301 459 2370 buS,
495 2299 749 2373 Crasse,
794 2299 898 2375 qui
928 2319 1048 2361 non
1080 2301 1299 2362 Graeci
1334 2299 1594 2361 alicuius
1637 2299 2006 2362 cotidianam
2046 2297 2380 2376 loquacita-

312 2394 433 2445 tem
463 2381 597 2442 sine
630 2401 751 2444 usu
782 2401 984 2460 neque
1014 2403 1092 2445 ex
1124 2384 1356 2446 scholis
1388 2384 1760 2467 cantilenam>
1779 2385 2125 2460 requirunt,
2162 2382 2274 2444 sed
2304 2399 2382 2442 ex

311 2464 556 2527 homine
599 2468 867 2527 omnium
911 2468 1378 2544 sapientissimo
1420 2476 1606 2544 atque
1647 2467 2153 2542 eloquentissimo
2198 2474 2382 2540 atque

310 2568 390 2612 ex
425 2566 532 2623 e0,
572 2551 676 2625 qui
706 2568 827 2611 non
857 2551 917 2611 in
955 2552 1206 2628 libellis,
1249 2553 1363 2613 sed
1403 2552 1463 2612 in
1507 2550 1788 2612 maximis
1837 2550 2042 2612 causis
2074 2559 2135 2612 et
2167 2548 2227 2609 in
2265 2549 2383 2609 hoc

311 2632 618 2695 domicilio
649 2635 887 2710 imperii
917 2644 979 2697 et
1005 2635 1237 2711 gloriae
1281 2635 1361 2698 sit
1403 2634 1658 2697 consilio
1702 2633 2034 2711 linguaque
2068 2632 2380 2711 princeps,

312 2717 488 2779 cuius
524 2718 787 2795 vestigia
815 2719 1109 2795 persequi
1152 2719 1437 2795 cupiunt,
1483 2718 1618 2780 eius
1662 2718 2024 2780 sententiam
2065 2716 2380 2778 sciscitan-
2447 2721 2457 2727 “

310 2811 424 2863 tur.
485 2801 626 2864 106.
656 2802 959 2878 Equidem
983 2811 1042 2865 te
1068 2822 1253 2880 quum
1282 2803 1344 2863 in
1369 2802 1631 2863 dicendo
1664 2819 1911 2878 semper
1939 2800 2149 2879 putavi
2179 2801 2380 2871 deum,

313 2895 437 2947 tum
465 2904 614 2948 vero
647 2885 755 2947 tibi
786 2904 1116 2964 numquam
1145 2886 1536 2963 eloquentiae
1574 2885 1865 2948 maiorem
1911 2885 2094 2948 tribui
2139 2886 2381 2945 laudem

313 2986 496 3044 quam
526 2970 944 3043 humanitatis;
986 2989 1107 3047 qua
1137 2988 1298 3031 nunc
1329 2970 1415 3031 uti
1459 2973 1555 3030 vel
1583 2971 1849 3032 maxime
1879 2971 2059 3031 decet
2084 2979 2145 3031 te
2175 2982 2379 3044 neque

310 3053 604 3129 defugere
634 3071 769 3114 eam
799 3053 1292 3130 disputationem,
1324 3056 1404 3115 ad
1435 3071 1616 3130 quam
1652 3064 1711 3116 te
1735 3056 1858 3116 duo
1888 3054 2262 3115 excellentes
2292 3051 2380 3111 in-

310 3136 506 3212 geniis
537 3139 966 3199 adolescentes
1005 3138 1256 3213 cupiunt
1283 3139 1601 3213 accedere,

477 3219 620 3284 107.
662 3222 792 3297 Ego
824 3239 1003 3295 vero,
1036 3221 1259 3298 inquit,
1289 3221 1425 3283 istis
1459 3220 1720 3297 obsequi
1750 3221 1971 3282 studeo
2009 3236 2214 3296 neque
2243 3236 2380 3296 gra-

309 3305 502 3365 vabor
530 3305 799 3367 breviter
826 3322 964 3367 meo
1006 3322 1206 3380 more,
1255 3303 1402 3381 quid
1447 3321 1694 3380 quaque
1736 3306 1813 3365 de
1854 3321 1922 3365 re
1958 3305 2246 3378 sentiam,
2293 3302 2380 3363 di-

310 3402 468 3448 cere.
529 3390 625 3448 Ac
666 3388 929 3463 primum
970 3386 1118 3449 illud
1158 3420 1243 3432 —-
1285 3387 1576 3463 quoniam
1616 3387 2037 3449 auctoritatem
2074 3397 2238 3449 tuam
2278 3402 2382 3447 ne-

305 3467 567 3542 gligere,
597 3469 918 3543 Scaevola,
951 3469 1048 3531 fas
1074 3467 1221 3531 mihi
1251 3485 1379 3531 non
1404 3485 1550 3532 esse
1580 3477 1731 3550 puto
1759 3500 1844 3514 —-
1866 3471 2243 3551 respondeo,
2273 3467 2382 3531 mi·
