2622 3908
613 247 754 308 LIB.
784 247 882 306 111.
927 245 1092 306 cAP.
1113 255 1183 309 46
1201 279 1272 290 —
1292 255 1381 308 48.
1429 255 1480 313 S.
1510 257 1607 312 179
1629 283 1698 292 —-
1724 258 1842 312 186.
2149 250 2270 313 187

195 402 418 471 tribus,
466 407 743 459 extrema
783 397 1085 472 producta
1117 407 1304 473 atque
1334 400 1548 472 longa,
1596 398 1754 460 sicut
1787 399 1891 461 illa
1924 410 2092 475 sunt,
2133 403 2266 464 do-

196 490 576 553 muerant,
624 478 1072 554 sonipedes,
1137 482 1346 557 Atque
1388 480 1472 541 illi
1508 480 1880 558 philosopho
1914 484 2101 546 ordiri
2138 487 2266 562 pla·

200 576 299 628 cet
331 584 370 626 a
401 564 725 641 superiore
754 579 1030 638 paeone,
1065 564 1411 639 posteriore
1447 564 1638 625 finire.
1693 566 1804 626 Est
1830 577 2033 629 autem
2064 586 2266 645 paeon

196 651 297 711 hic
325 647 637 725 posterior
664 663 787 707 non
819 648 1193 723 syllabarum
1228 665 1515 720 numero,
1548 649 1662 708 sed
1692 649 1928 710 aurium
1960 669 2264 717 mensura.

200 734 368 808 quod
411 741 508 794 est
554 730 759 792 acrius
803 729 1093 806 iudicium
1139 740 1198 792 et
1238 730 1498 804 certiuS,
1545 750 1655 806 par
1693 734 1820 793 sere
1851 735 2113 810 cretico,
2163 737 2265 810 qui

197 827 401 879 estex
430 818 616 890 longa
646 822 706 875 et
738 814 911 873 brevi
940 823 1001 875 et
1029 815 1241 890 longa:
1288 824 1356 875 ut

283 901 444 973 Quid
458 905 664 976 petam
688 899 987 974 praesidi,
1019 910 1124 959 aut
1148 897 1493 973 exsequar?
1535 917 1716 974 quove
1744 918 1903 962 nunc
1932 945 1946 960 .
1965 946 1979 959 .
1995 945 2009 959 .
2028 946 2043 960 .

198 988 253 1045 A
296 1001 423 1060 quo
463 998 715 1043 numero
760 997 1025 1042 exorsus
1066 989 1164 1042 est
1201 982 1500 1043 Fannius=
1549 982 1659 1056 Si,
1711 982 2093 1059 Quirites,
2135 984 2223 1045 mi
2253 1016 2268 1027 -

199 1084 338 1129 nas
377 1064 622 1127 illius.
683 1066 858 1125 Hunc
889 1064 992 1125 ille
1033 1065 1326 1126 clausulis
1374 1065 1671 1141 aptiorem
1702 1076 1902 1142 putat,
1951 1085 2109 1143 quas
2139 1071 2263 1131 vult

199 1154 383 1226 longa
415 1150 784 1225 plerumque.
808 1149 1051 1224 syllaba
1084 1149 1411 1210 terminari.

366 1234 631 1294 XLVIII.
669 1230 811 1293 184.
855 1233 1068 1307 Neque
1108 1249 1257 1293 vero
1299 1233 1452 1293 haec
1502 1243 1621 1293 tam
1656 1250 1857 1293 acrem
1892 1252 2100 1295 curam
2134 1236 2258 1296 dili-

200 1316 590 1396 gentiamque
620 1316 1001 1389 desiderant,
1035 1330 1218 1391 quam
1243 1325 1340 1377 est
1360 1315 1464 1376 illa
1489 1320 1835 1391 poetarumz
1868 1334 2026 1392 quos
2052 1336 2262 1380 neces-

200 1402 351 1464 sitas
386 1401 551 1476 cogit
577 1409 638 1461 et
664 1398 783 1475 ipsi
816 1398 1049 1460 numeri
1078 1416 1152 1459 ac
1181 1398 1350 1461 modi
1383 1398 1474 1459 sic
1503 1401 1695 1460 verba
1723 1417 1909 1462 versu
1932 1400 2265 1478 includere,

201 1496 266 1547 ut
305 1483 454 1545 nihil
502 1483 582 1545 sit
622 1500 698 1544 ne
745 1481 965 1558 spiritu
1009 1483 1254 1557 quidem
1296 1482 1544 1544 minimo
1579 1484 1827 1545 brevius
1870 1495 1974 1547 aut
2003 1487 2264 1563 longiuS,

204 1586 388 1646 quam
432 1584 693 1628 necesse
726 1576 839 1627 est.
899 1566 1177 1628 Liberior
1210 1576 1307 1628 est
1339 1568 1532 1628 oratio
1571 1577 1631 1628 et
1662 1570 1872 1643 plane,
1915 1581 1982 1630 ut
2029 1572 2264 1645 dicitur,

201 1653 292 1714 sic
333 1661 431 1712 est
471 1667 617 1711 vere
663 1653 891 1723 soluta,
939 1668 1060 1711 non
1107 1661 1169 1712 ut
1213 1650 1405 1726 fugiat
1443 1660 1644 1712 tamen
1674 1662 1778 1712 aut
1808 1662 1997 1725 erret,
2047 1657 2158 1715 sed
2205 1664 2270 1716 ut

203 1738 338 1798 sine
372 1733 634 1795 vinculis
668 1734 783 1795 sibi
815 1734 954 1809 ipsa
989 1735 1355 1795 moderetur.
1412 1736 1687 1808 Namque
1723 1751 1838 1809 ego
1868 1735 2016 1795 illud
2044 1739 2268 1797 adsen-

200 1822 318 1881 tior
346 1818 799 1894 Theophrasto,
831 1817 936 1891 qui
969 1826 1140 1893 putat
1171 1819 1541 1890 orationem,
1577 1833 1734 1891 quae
1772 1817 2017 1891 quidem
2051 1819 2130 1879 sit
2159 1837 2270 1895 po·

202 1905 307 1965 lita
351 1910 537 1979 atque
568 1902 729 1963 facta
761 1903 1028 1977 quodam
1056 1903 1273 1976 mod0,
1320 1918 1443 1962 non
1475 1899 1751 1974 astricte,
1800 1901 1913 1961 sed
1948 1901 2268 1964 remissius

203 2003 595 2049 numerosam
626 2002 769 2047 esse
798 1995 1106 2062 oportere.
1168 1984 1311 2047 185.
1355 1984 1619 2058 Etenim,
1665 1983 1952 2045 sicut-ille
1990 1986 2265 2062 suspica—

203 2080 317 2144 tur,
352 2087 430 2131 ex
461 2069 596 2131 istis
629 2071 850 2146 modis,
888 2069 1109 2145 quibus
1139 2068 1239 2129 hic
1270 2069 1534 2131 usitatus
1566 2085 1784 2128 versus
1814 2068 2094 2141 efficitur,
2126 2079 2271 2145 post

205 2162 611 2230 anapaestuS,
654 2152 973 2229 procerior
1004 2155 1250 2230 quidam
1285 2170 1607 2225 numerus,
1652 2151 1949 2222 effloruit3
1989 2152 2132 2214 inde
2168 2153 2269 2213 ille

204 2236 483 2300 licentior
510 2246 571 2298 et
603 2236 848 2299 divitior
876 2237 1054 2298 fluxit
1083 2237 1537 2314 dithyrambus3
1577 2235 1753 2296 cuius
1783 2236 2053 2296 membra
2077 2247 2137 2298 et
2163 2254 2267 2312 pe-

205 2325 349 2397 deS‚
393 2330 460 2382 ut
502 2320 585 2382 ait
624 2320 818 2395 idem,
872 2331 1015 2382 sunt
1058 2320 1120 2382 in
1170 2321 1337 2383 omni
1376 2320 1668 2398 locupleti
1711 2317 1986 2381 oratione
2022 2320 2269 2381 diffusa.

205 2407 305 2478 Et,
367 2404 421 2466 si
476 2422 869 2466 numerosum
913 2415 1016 2478 vest
1067 2404 1128 2465 in
1184 2405 1469 2467 omnibus
1525 2405 1695 2466 sonis
1748 2414 1933 2480 atque
1992 2403 2267 2480 vocibus,

207 2491 379 2566 quod
425 2489 609 2550 habet
660 2491 960 2565 quasdam
1009 2488 1451 2564 impressiones
1499 2497 1560 2549 et
1603 2490 1768 2565 quod
1816 2488 2011 2550 metiri
2045 2507 2268 2566 possu-

204 2592 340 2635 mus
364 2572 698 2634 intervallis
723 2573 1105 2648 aequalibus,
1129 2582 1296 2633 recte
1318 2589 1515 2647 genus
1531 2572 1650 2633 hoc
1666 2588 2072 2646 numerorum,
2100 2575 2270 2635 dum·

205 2659 390 2719 modo
420 2673 498 2716 ne
528 2658 879 2718 continuum
910 2656 1016 2729 sit,
1054 2656 1116 2717 in
1151 2655 1447 2718 orationis
1480 2656 1661 2716 laude
1692 2665 1975 2730 ponetur.
2037 2658 2187 2717 Nam
2218 2658 2270 2717 si

205 2742 377 2803 rudis
419 2750 480 2802 et
519 2739 791 2817 impolita
824 2741 1097 2816 putanda
1131 2749 1226 2802 est
1264 2741 1366 2799 illa
1396 2740 1530 2801 sine
1563 2738 1896 2799 intervallis
1926 2739 2271 2814 loquacitas

205 2822 517 2903 peremnis
561 2834 621 2885 et
668 2824 1018 2900 profluenS,
1066 2823 1212 2900 quid
1248 2833 1345 2886 est
1387 2822 1554 2884 aliud
1589 2839 1815 2884 causae
1849 2838 1959 2882 cur
1988 2822 2270 2899 repudie-

207 2919 330 2982 tur,
375 2907 493 2969 nisi
538 2909 706 2983 quod
748 2909 1059 2971 hominum
1107 2908 1358 2970 auribus
1401 2923 1620 2967 vocem
1673 2916 1889 2968 natura
1929 2908 2275 2968 modulatur

204 2992 386 3069 ipsa?
462 2993 638 3065 Quod
687 2992 821 3054 fieri
868 2991 986 3053 nisi
1029 2991 1189 3054 inest
1230 3010 1521 3053 numerus
1576 2992 1637 3051 in
1682 3008 1838 3053 voce
1884 3009 2005 3052 non
2049 3000 2273 3068 potest.

206 3075 347 3140 186.
397 3077 694 3136 Numerus
738 3086 940 3137 autem
971 3075 1029 3134 in
1064 3075 1519 3137 continuatione
1553 3077 1758 3138 nullus
1788 3084 1915 3144 est;
1964 3075 2273 3136 distinctio

203 3171 263 3222 et
291 3159 644 3236 aequalium
673 3170 733 3222 et
762 3177 954 3236 saepe-
984 3159 1292 3221 variorum
1325 3160 1782 3222 intervallorum
1811 3159 2133 3234 percussio
2165 3176 2274 3220 nu-

203 3262 440 3306 merum
476 3243 752 3316 conficit3
794 3261 973 3321 quem
1001 3245 1063 3302 in
1094 3245 1455 3306 cadentibus
1492 3246 1707 3318 guttiS‚
1741 3243 1911 3317 quod
1942 3240 2277 3303 intervallis

205 3329 689 3403 distinguuntur,
726 3338 938 3391 notare
968 3344 1339 3403 possumuS,
1387 3329 1447 3387 in
1483 3325 1647 3386 amni
1684 3323 2121 3402 praecipitante
2153 3342 2277 3386 non

205 3428 561 3489 possumus.
620 3410 854 3486 Quodsi
896 3410 1268 3472 continuatio
1305 3412 1634 3471 verborum
1677 3409 1829 3469 haec
1861 3409 2062 3470 soluta
2090 3411 2278 3471 multo

202 3507 299 3557 est
346 3493 549 3572 aptior
590 3504 777 3573 atque
817 3493 1173 3562 iucundior,
1218 3495 1272 3555 si
1306 3507 1401 3555 est
1443 3491 1713 3554 articulis
1744 3492 2158 3554 membrisoue
2190 3492 2277 3554 di·
