2622 3908
779 243 918 302 [AB.
949 244 990 301 1.
1035 244 1198 301 cAP.
1231 252 1328 304 6-
1378 252 1430 305 8.
1477 247 1529 308 s.
1559 251 1825 304 23—33.
2290 239 2326 307 7

249 393 492 455 videtur
520 410 643 454 non
677 403 795 454 tam
825 393 965 469 ipsa
992 396 1246 470 aquula,
1295 411 1456 469 quae
1488 394 1880 467 describitur,
1926 412 2109 469 quam
2136 394 2329 455 Plato-

246 476 343 539 nis
391 476 664 538 oratione
707 476 1010 550 crevisse,
1056 486 1117 538 et
1161 479 1329 552 quod
1368 477 1468 538 ilie
1499 476 1846 539 durissimis
1877 477 2140 553 pedibus
2174 477 2331 552 fecit,

245 571 313 621 ut
356 577 425 622 se
465 560 760 620 abiiceret
800 561 859 621 in
891 562 1081 621 herba
1103 570 1288 637 atque
1319 560 1403 622 ita
1432 563 1562 635 illa,
1608 579 1766 636 quae
1796 560 2152 637 philosophi
2182 561 2331 621 divi-

247 645 411 707 nitus
444 645 643 705 ferunt
667 661 812 705 esse
838 646 1016 718 dicta,
1049 648 1420 720 loqueretur,
1453 645 1518 705 id
1538 645 1689 705 meis
1713 644 1976 721 pedibus
2000 655 2164 706 certe
2187 661 2331 705 con-

247 727 385 789 cedi
416 737 511 788 est
540 728 821 804 aequius.
880 729 982 789 29.
1011 729 1160 790 Tum
1191 729 1508 790 Crassum:
1557 730 1745 790 Immo
1774 746 1923 790 vero
1950 728 2333 790 commodius

245 812 458 881 etiam;
490 812 908 887 pulvinosque
937 812 1310 890 poposcisse
1341 823 1401 874 et
1424 828 1638 874 omnes
1667 812 1728 872 in
1758 811 1835 873 iis
1868 812 2141 886 sedibus,
2174 829 2333 887 quae

246 904 422 956 erant
450 896 565 955 sub
597 898 872 972 platano,
919 896 1285 958 consedisse
1316 896 1578 958 dicebat.

417 981 575 1038 VIII.
626 979 745 1052 lbi,
775 989 842 1040 ut
863 997 942 1040 ex
966 980 1220 1056 pristino
1248 997 1534 1042 sermone
1558 982 1977 1041 relaxarentur
1997 978 2182 1039 animi
2206 996 2331 1039 om-

247 1064 444 1136 nium,
491 1064 731 1124 solebat
776 1064 947 1125 Cotta
990 1081 1276 1137 narrare,
1311 1065 1598 1126 Crassum
1633 1080 1978 1125 sermonem
2010 1063 2333 1138 quemdam

246 1147 327 1206 de
360 1146 561 1207 studio
596 1146 841 1207 dicendi
870 1147 1170 1209 intulisse.
1225 1147 1327 1209 30.
1366 1149 1478 1222 Qui
1512 1167 1699 1223 quum
1726 1148 1810 1208 ita
1840 1157 2009 1208 esset
2037 1163 2332 1208 exorsus=

245 1231 380 1290 Non
411 1229 528 1291 sibi
555 1231 999 1292 cohortandum
1024 1231 1363 1306 Sulpicium
1386 1242 1447 1292 et
1471 1232 1723 1305 Cottam,
1754 1233 1865 1292 sed
1891 1230 2085 1306 magis
2110 1239 2334 1291 utrum-

247 1331 370 1389 que
400 1315 874 1375 collaudandum
906 1315 1127 1388 videri,
1163 1317 1332 1391 quod
1362 1325 1585 1393 tantam
1606 1315 1727 1376 iam
1750 1324 1960 1377 essent
1985 1315 2327 1374 facultatem

244 1397 484 1473 adepti,
535 1408 598 1459 ut
640 1416 762 1460 non
807 1399 1171 1476 aequalibus
1216 1399 1346 1460 suis
1393 1403 1591 1461 solum
1628 1409 2174 1476 anteponerentur,
2223 1399 2332 1460 sed

245 1497 387 1541 cum
429 1480 762 1543 maioribus
806 1492 952 1545 natu
996 1494 1526 1561 compararentur:
1570 1500 1774 1559 neque
1801 1500 1950 1544 vero
1983 1482 2128 1543 mihi
2160 1482 2318 1558 quid·

245 1582 429 1640 quam
448 1611 464 1638 ,
492 1565 719 1640 inquit,
751 1567 1183 1642 praestabilius
1212 1569 1481 1641 videtur,
1517 1585 1697 1643 quam
1729 1585 1922 1643 posse
1952 1567 2215 1628 dicendo
2247 1577 2330 1627 te-

244 1665 395 1709 nere
423 1650 733 1710 hominum
767 1660 1001 1724 coetuS,
1040 1661 1276 1713 mentes
1303 1651 1590 1726 adlicere,
1625 1654 1971 1713 voluntates
2018 1651 2333 1723 impellere

246 1749 373 1807 quo
406 1732 578 1807 velit,
608 1735 772 1795 unde
803 1744 1003 1797 autem
1035 1736 1178 1797 velit
1240 1737 1569 1796 deducere.
1626 1737 1793 1797 Haec
1816 1753 1939 1796 una
1960 1752 2061 1796 res
2085 1735 2144 1795 in
2173 1737 2336 1796 omni

244 1816 440 1876 libero
469 1819 703 1893 populo
735 1818 1124 1894 maximeque
1153 1819 1212 1879 in
1241 1818 1474 1894 pacatis
1501 1819 1965 1896 tranquillisque
1990 1817 2335 1880 civitatibus

246 1899 580 1976 praecipue
611 1919 855 1979 semper
883 1902 1092 1965 floruit
1120 1920 1491 1979 semperque
1522 1903 1831 1965 dominata
1860 1913 1974 1965 est.
2040 1901 2141 1963 31.
2181 1903 2335 1977 Quid

245 1983 409 2045 enim
457 1995 553 2047 est
594 1997 697 2047 aut
742 1996 859 2047 tam
902 1987 1287 2059 admirabile,
1334 2004 1517 2061 quam
1562 2004 1641 2046 ex
1679 1987 1914 2047 infinita
1954 1986 2336 2047 multitudine

245 2067 560 2129 hominum
585 2071 886 2131 exsistere
908 2088 1116 2145 unum,
1154 2070 1260 2146 qui
1281 2070 1364 2144 id,
1393 2071 1559 2145 quod
1584 2069 1868 2131 omnibus
1889 2079 2105 2130 natura
2128 2069 2208 2130 sit
2230 2070 2334 2129 da-

245 2168 408 2224 tum,
437 2155 534 2213 vel
567 2156 739 2215 solus
769 2157 868 2215 vel
900 2172 1037 2215 cum
1066 2156 1285 2231 paucis
1318 2156 1520 2216 facere
1552 2154 1796 2230 possit?
1840 2163 1943 2214 aut
1972 2162 2092 2214 tam
2123 2152 2331 2214 iucun-

243 2236 392 2295 dum
422 2235 669 2311 cognitu
695 2246 881 2312 atque
909 2238 1154 2313 audita,
1203 2256 1387 2315 quam
1429 2238 1811 2314 sapientibus
1851 2237 2169 2299 sententiis
2200 2255 2333 2313 gra·

244 2318 553 2395 vibusque
582 2319 789 2382 verbis
821 2332 1034 2383 ornata
1063 2322 1256 2384 oratio
1292 2333 1354 2384 et
1382 2322 1615 2397 polita?
1656 2332 1761 2383 aut
1792 2332 1908 2384 tam
1939 2333 2160 2398 potens
2189 2332 2334 2383 tam—

245 2419 369 2479 que
400 2403 818 2479 magnificum,
853 2424 1036 2481 quam
1059 2406 1275 2482 populi
1298 2416 1534 2478 motuS,
1566 2406 1834 2467 iudicum
1857 2406 2205 2482 religioneS,
2239 2424 2333 2467 se·

243 2494 427 2546 natus
457 2489 814 2562 gravitatem
845 2490 1024 2550 unius
1057 2490 1334 2551 oratione
1367 2490 1687 2551 converti?
1734 2490 1836 2552 32.
1870 2489 2027 2565 Quid
2051 2500 2171 2551 tam
2194 2507 2333 2566 por-

244 2587 316 2630 ro
359 2569 624 2646 regium,
668 2581 790 2632 tam
833 2573 1113 2645 liberale,
1161 2582 1281 2634 tam
1322 2573 1701 2647 munificum,
1750 2592 1933 2651 quam
1964 2591 2148 2648 opem
2180 2576 2336 2635 ferre

243 2653 654 2729 supplicibus,
687 2655 957 2718 excitare
987 2657 1293 2730 adflictos,
1326 2660 1471 2717 dare
1504 2660 1779 2731 salutem,
1808 2659 2065 2719 liberare
2097 2660 2331 2735 pericu-

244 2738 353 2806 tis,
396 2737 660 2799 retinere
703 2740 984 2801 homines
1029 2741 1088 2800 in
1126 2740 1415 2802 civitate?
1473 2742 1630 2815 Quid
1658 2752 1860 2802 autem
1893 2751 2011 2801 tam
2043 2758 2331 2802 necessa·

239 2820 429 2893 rium,
465 2839 647 2897 quam
680 2832 885 2884 tenere
917 2841 1161 2900 semper
1189 2841 1385 2898 arma,
1421 2824 1646 2901 quibus
1676 2827 1775 2885 vel
1806 2834 2004 2887 tectus
2029 2824 2167 2901 ipse
2192 2841 2334 2885 esse

245 2907 464 2981 possis
513 2912 611 2968 vel
668 2925 1017 2983 provocare
1069 2910 1388 2983 improbos
1433 2910 1530 2967 vel
1589 2915 1650 2967 te
1707 2908 1922 2969 ulcisci
1968 2910 2332 2973 lacessitus?

246 2994 388 3065 Age
428 3007 613 3067 vero,
658 3008 736 3051 ne
775 3009 1022 3068 semper
1068 2995 1300 3065 forum,
1346 2991 1670 3064 subsellia,
1721 3000 1925 3053 rostra
1977 2993 2332 3070 curiamque

246 3073 579 3148 meditere,
627 3076 775 3151 quid
820 3092 963 3137 esse
1013 3085 1220 3152 potest
1260 3076 1319 3136 in
1366 3074 1489 3136 otio
1540 3083 1648 3135 aut
1690 3075 2015 3137 iucundius
2060 3087 2167 3137 aut
2213 3095 2330 3137 ma·

234 3159 335 3235 gis
381 3159 697 3233 proprium
737 3159 1158 3231 humanitatiS,
1207 3175 1390 3235 quam
1434 3174 1635 3219 sermo
1681 3160 1917 3219 facetus
1960 3174 2033 3217 ac
2075 3159 2242 3214 nulla
2270 3152 2327 3213 in

237 3259 306 3302 re
343 3240 562 3302 rudis?
616 3244 748 3303 Hoc
779 3242 939 3302 enim
967 3260 1090 3303 uno
1120 3253 1509 3317 praestamus
1541 3243 1638 3302 vel
1667 3241 1928 3302 maxime
1956 3238 2131 3311 feriS,
2165 3237 2326 3313 quod

235 3324 654 3400 colloquimur
683 3326 840 3387 inter
870 3343 984 3387 nos
1015 3334 1076 3387 et
1106 3327 1274 3402 quod
1302 3330 1649 3401 exprimere
1679 3325 1940 3386 dicendo
1972 3339 2157 3383 sensa
2188 3338 2329 3398 pos-

236 3426 480 3472 sumus.
536 3409 638 3471 33.
686 3410 1090 3484 Quamobrem
1136 3409 1274 3486 quis
1316 3409 1435 3470 hoc
1480 3426 1601 3470 non
1632 3409 1761 3469 iure
1791 3407 2039 3467 miretur
2070 3423 2328 3468 summe-

238 3511 365 3568 que
395 3492 457 3553 in
490 3510 565 3554 eo
599 3495 1039 3568 elaborandum
1070 3511 1213 3555 esse
1240 3493 1591 3564 arbitretur,
1624 3500 1717 3564 ut,
1754 3508 1877 3563 quo
1905 3508 2028 3552 uno
2053 3490 2327 3550 homines
