2622 3908
350 231 431 299 74
1124 233 1226 292 DE
1276 232 1642 293 ORATORE

349 388 498 460 buS,
547 401 707 460 quae
737 382 796 443 in
829 382 1373 445 deliberationibus
1405 391 1755 453 versantur;
1799 384 2015 457 addat,
2055 381 2109 444 si
2141 381 2280 459 quis
2312 400 2416 445 vo·

348 472 460 543 let,
507 467 689 529 etiam
718 466 1130 528 laudationem
1172 468 1458 538 alterum,
1506 467 1673 542 quod
1699 468 2017 542 appellant
2043 483 2258 528 omnes
2290 468 2417 529 fere

349 551 714 628 scriptores,
746 549 1013 625 explicat
1041 566 1219 611 nemo
1237 597 1253 623 ,
1291 549 1584 610 infinitam
1616 548 1858 625 generis
1889 549 2025 610 sine
2050 556 2326 626 tempore
2354 559 2415 611 et

348 635 482 697 sine
510 650 782 710 persona
811 632 1252 709 quaestionem.
1325 635 1457 693 Hoc
1488 633 1638 710 quid
1665 642 1726 694 et
1755 643 2046 708 quantum
2074 633 2181 705 sit,
2228 650 2414 709 quum

346 718 587 791 dicunt,
619 716 956 793 intelligere
984 716 1130 777 mihi
1159 734 1280 777 non
1311 715 1614 779 videntur.
1670 717 1771 779 66.
1811 716 1877 777 Si
1906 716 2066 778 enim
2095 726 2192 778 est
2216 725 2412 778 orato-

346 803 463 875 ris,
492 817 916 876 quaecumque
945 816 1047 860 res
1081 799 1316 861 infinite
1346 801 1550 875 posita
1579 798 1688 873 sit,
1734 802 1814 861 (18
1856 817 1932 861 ea
1967 817 2161 877 posse
2189 798 2413 875 dicere,

345 885 673 947 dicendum
716 884 830 946 erit
871 883 960 955 81,
1006 892 1231 959 quanta
1273 884 1353 945 sit
1396 884 1548 945 solis
1590 883 1975 960 magnitude,
2022 901 2181 959 quae
2223 885 2414 945 torma

347 978 578 1039 terrae,
627 970 705 1029 de
731 967 1202 1041 mathematicis,
1245 969 1325 1029 (18
1356 967 1608 1030 musicis
1643 968 1828 1029 rebus
1858 983 1981 1028 non
2012 966 2235 1043 poterit
2268 965 2410 1044 quin

223 1082 230 1089 ·
347 1052 513 1114 dicat
542 1053 663 1113 hoc
694 1068 883 1113 onere
910 1061 1203 1127 suscepto
1233 1067 1538 1112 recusare.
1596 1049 1874 1126 Denique
1902 1050 1990 1127 81,
2034 1051 2137 1126 qui
2167 1053 2396 1127 profite

348 1148 444 1197 tur
472 1153 616 1197 esse
647 1152 825 1196 suum
853 1152 977 1196 non
1006 1137 1207 1197 solum
1237 1137 1316 1196 de
1344 1134 1435 1197 eis
1467 1134 1932 1210 controversiis,
1979 1152 2139 1210 quae
2181 1144 2405 1211 tempo·

347 1219 518 1281 ribus
550 1228 611 1281 et
639 1218 923 1295 personis
953 1229 1197 1282 notatae
1225 1229 1399 1291 sunt,
1428 1220 1547 1280 hoc
1577 1226 1698 1290 est,
1730 1219 1811 1280 de
1843 1217 2127 1280 omnibus
2158 1218 2411 1280 forensi·

346 1305 463 1365 bus
480 1351 497 1379 ,
540 1303 652 1365 sed
696 1302 877 1365 etiam
920 1304 999 1365 de
1040 1320 1333 1379 generum
1375 1300 1627 1364 infinitis
1669 1301 2135 1378 quaestionibus
2189 1301 2414 1376 dicere,

349 1388 578 1448 nullum
607 1391 814 1463 potest
842 1403 986 1448 esse
1013 1404 1208 1462 genus
1230 1385 1546 1461 oratIoniS,
1577 1386 1746 1460 quod
1771 1385 1850 1447 sit
1869 1394 2214 1461 exceptum.
2253 1385 2416 1446 XVI.

345 1469 445 1532 67.
479 1470 605 1530 Sed
637 1468 690 1529 si
713 1469 877 1529 illam
900 1486 1151 1545 quoque
1173 1479 1408 1545 partem
1430 1469 1859 1545 quaestionum
1883 1468 2111 1531 oratori
2132 1471 2416 1530 volumus

347 1553 683 1627 adiungere
724 1569 944 1628 vagam
987 1561 1049 1614 et
1089 1552 1342 1614 liberam
1386 1562 1448 1614 et
1483 1554 1605 1614 late
1633 1561 1973 1628 patentem,
2018 1561 2081 1614 ut
2122 1553 2202 1613 de
2228 1552 2416 1613 rebus

348 1635 524 1698 bonis
560 1644 665 1696 aut
693 1634 896 1711 maliS‚
942 1637 1306 1713 expetendis
1337 1645 1442 1697 aut
1470 1634 1805 1710 fugiendis,
1848 1635 2127 1698 honestis
2159 1644 2266 1697 aut
2292 1644 2416 1696 tur-

347 1721 558 1796 pibus,
589 1718 841 1780 utilibus
871 1728 977 1781 aut
1003 1719 1350 1796 inutilibuS,
1378 1721 1458 1781 (18
1483 1718 1737 1791 virtute,
1770 1722 1848 1781 de
1878 1720 2135 1792 iustitia,
2166 1721 2244 1780 de
2269 1735 2409 1780 con-

348 1802 615 1877 tinentia,
655 1804 734 1864 de
764 1803 1106 1879 prudentia,
1136 1806 1214 1866 de
1242 1801 1658 1882 magnitudine
1687 1802 1900 1876 animi,
1932 1805 2009 1864 de
2043 1802 2416 1875 liberalitate,

346 1889 424 1949 de
456 1888 709 1964 pietate,
742 1888 820 1948 de
850 1886 1142 1962 amicitia,
1172 1888 1249 1946 de
1281 1888 1489 1947 officio
1508 1933 1523 1959 ,
1556 1888 1636 1946 de
1664 1887 1813 1962 fide,
1839 1888 1917 1948 de
1947 1886 2206 1948 caeteris
2227 1887 2417 1948 virtu-

346 1972 507 2034 tibus
552 1972 996 2049 contrariisque
1035 1972 1200 2034 vitiis
1243 1971 1572 2033 dicendum
1616 1971 1843 2033 oratori
1886 1981 2203 2047 putemus3
2248 1970 2416 2032 item-

348 2074 469 2131 que
498 2057 577 2118 de
605 2073 673 2118 re
704 2056 977 2132 publica,
1025 2057 1103 2117 de
1135 2056 1425 2134 imperio,
1468 2056 1546 2117 (18
1574 2072 1643 2116 re
1674 2054 1944 2142 militari,
1984 2056 2062 2116 de
2093 2053 2417 2131 disciplina

349 2139 605 2202 civitatis
624 2187 640 2216 ‚
694 2141 772 2199 de
826 2140 1139 2200 hominum
1191 2138 1495 2201 moribus=
1551 2139 1946 2200 adsumamus
1990 2155 2125 2200 eam
2167 2155 2421 2213 quoque

347 2232 611 2298 partem,
641 2223 757 2283 sed
785 2223 896 2295 ita,
927 2232 995 2283 ut
1021 2221 1100 2283 sit
1122 2219 1584 2296 circumscripta
1602 2222 1864 2283 modicis
1886 2221 2261 2299 regionibus.
2313 2222 2422 2285 68.

346 2306 647 2381 Equidem
690 2304 930 2376 omnia,
988 2322 1147 2380 quae
1188 2303 1494 2380 pertinent
1534 2307 1613 2365 ad
1654 2324 1834 2367 usum
1878 2306 2129 2380 civium,
2186 2322 2423 2367 morem

345 2387 689 2460 hominurn,
733 2405 893 2462 quae
936 2397 1257 2450 versantur
1285 2388 1348 2449 in
1380 2389 1826 2452 consuetudine
1857 2390 2049 2463 vitae,
2090 2388 2152 2449 in
2180 2391 2424 2451 ratione

350 2470 437 2531 rei
467 2471 779 2548 publicae,
824 2470 886 2532 in
916 2472 1033 2533 hac
1063 2474 1358 2534 societate
1388 2471 1582 2547 civili,
1626 2472 1688 2534 in
1730 2490 1922 2535 sensu
1954 2471 2221 2534 hominis
2251 2490 2424 2535 com-

349 2553 543 2631 muni,
585 2554 646 2615 in
677 2566 920 2631 natura,
964 2554 1025 2616 in
1059 2556 1364 2630 moribuS,
1408 2558 1990 2632 comprehendenda
2016 2574 2160 2619 esse
2190 2556 2423 2618 oratori

344 2646 526 2714 puto;
573 2638 626 2699 si
670 2638 898 2716 minuS,
943 2649 1009 2702 ut
1049 2641 1378 2716 separatim
1419 2643 1499 2701 (18
1540 2639 1635 2701 his
1678 2643 1864 2702 rebus
1909 2640 2425 2716 philosophorum

345 2740 516 2783 moro
543 2725 948 2799 respondeat;
993 2731 1058 2785 at
1099 2734 1295 2801 certe,
1337 2732 1405 2785 ut
1432 2724 1493 2783 in
1524 2739 1716 2786 causa
1742 2726 2075 2801 prudenter
2100 2722 2303 2801 possit
2330 2723 2425 2784 in-

344 2816 583 2868 texere:
627 2807 801 2868 hisce
845 2817 1046 2870 autem
1090 2807 1247 2883 ipsis
1293 2808 1373 2867 de
1413 2807 1600 2869 rebus
1641 2816 1706 2869 ut
1746 2807 1829 2870 ita
1859 2810 2177 2884 loquatur,
2221 2807 2310 2869 uti
2342 2806 2422 2883 ei,

345 2888 452 2966 qui
480 2889 644 2959 iura,
692 2892 796 2965 qui
826 2893 1029 2966 legeS,
1075 2893 1179 2967 qui
1211 2889 1490 2951 civitates
1520 2890 1995 2965 constituerunt,
2038 2890 2227 2953 locuti
2256 2899 2426 2966 sunt,

343 2971 701 3047 simpliciter
728 2983 790 3034 et
818 2973 1160 3049 splendide,
1196 2974 1330 3034 sine
1360 2975 1483 3035 ulla
1507 2973 1667 3035 serie
1690 2974 2172 3051 disputationum
2194 2984 2257 3036 et
2281 2973 2426 3036 sine

342 3054 547 3117 ieiuna
577 3055 1032 3118 concertatione
1064 3058 1407 3119 verborum.
1464 3056 1566 3119 69.
1609 3060 1743 3120 Hoc
1773 3061 1911 3120 loco
1942 3074 2021 3119 ne
2052 3076 2176 3135 qua
2205 3058 2285 3120 sit
2309 3059 2418 3119 ad-

342 3138 612 3215 miratio,
652 3138 704 3202 si
747 3147 836 3201 tot
874 3150 1299 3217 tantarumque
1328 3157 1530 3202 rerum
1561 3144 1724 3202 nulla
1753 3160 1789 3202 a
1815 3159 1914 3203 me
1943 3149 2274 3219 praecepta
2306 3158 2428 3218 pov

343 3232 591 3300 nentur,
622 3224 714 3285 318
744 3234 977 3287 statuo:
1022 3224 1100 3285 Ut
1128 3223 1190 3285 in
1222 3226 1481 3286 caeteris
1513 3225 1777 3301 artibus,
1821 3244 2009 3301 quum
2045 3225 2268 3289 tradita
2298 3224 2430 3287 sint

343 3307 646 3382 cuiusque
677 3307 824 3370 artis
855 3306 1240 3382 difficillima,
1268 3301 1536 3383 reliq'ua,
1587 3308 1733 3384 quia
1768 3319 1871 3371 aut
1901 3309 2174 3372 faciliora
2202 3320 2311 3371 aut
2339 3307 2428 3370 si-

342 3391 506 3450 milia
529 3391 668 3463 31111,
693 3393 850 3453 tradi
879 3410 1003 3455 non
1027 3412 1289 3457 necesse
1321 3413 1495 3470 esse;
1523 3405 1591 3457 ut
1610 3396 1671 3457 in
1693 3395 1953 3472 pictura,
1978 3394 2083 3472 qui
2103 3393 2430 3457 hominum

351 3473 625 3545 speciem
668 3474 924 3549 pingere
969 3473 1389 3554 perdidicerit,
1425 3496 1620 3557 posse
1652 3497 1791 3541 eum
1841 3478 2117 3542 cuiusvis
2152 3479 2251 3538 vel
2297 3478 2431 3538 sor·
