2622 3908
224 238 232 247 '
322 230 446 294 184
1101 228 1204 289 DE
1248 228 1628 290 ORATORE'

321 381 436 443 sed
479 379 933 456 quodammodo
983 388 1443 477 coagmentatus
1481 390 1542 443 et
1582 382 1798 442 laevis.
1893 382 1961 440 ln
2006 399 2129 457 quo
2180 384 2378 462 lepide

321 462 529 525 soceri·
553 461 672 523 mei
707 479 976 537 persona
1005 463 1194 524 lusit
1179 482 1265 537 is,
1311 463 1414 539 qui
1453 464 1909 540 elegantissime
1938 464 2001 524 id
2032 466 2236 527 facere
2274 486 2377 529 oo-

324 546 461 620 tuit,
490 545 792 607 Lucilius·

408 631 589 702 Quam
624 631 819 706 lepide
846 632 1032 691 lexeis
1060 629 1431 706 compostae!
1471 640 1535 691 ul
1564 636 1884 692 tesserulae
1912 649 2107 694 omnes

403 714 547 774 Arte
567 716 908 790 pavimento
937 722 1113 809 atq-ue
1138 716 1476 775 emblemate
1504 718 1901 776 vermiculato.

318 798 486 873 Quae
516 815 703 872 quum
736 795 1049 857 dixisset
1034 815 1092 856 m
1125 797 1450 857 Albucium
1487 798 1780 872 illudenS,
1818 817 1895 860 ne
1934 816 1971 858 a
2004 816 2102 860 me
2134 800 2379 876 quidem

316 879 635 943 abstinuit·

404 966 681 1025 Crassum
709 966 892 1025 habeo
910 980 1194 1039 ,cenerum
1211 1008 1228 1037 ,
1272 981 1348 1024 ne
1373 967 1810 1026 rhetoricotero'
1841 970 1904 1026 lu
1929 970 2029 1027 sis.

317 1048 473 1125 Quid
504 1065 650 1124 ergo
666 1055 696 1107 ’ἒ
725 1048 838 1109 iste
863 1048 1142 1121 CrassuS,
1177 1047 1466 1123 quoniam
1489 1046 1623 1108 eius
1648 1048 1919 1110 abuteris
1943 1050 2204 1122 nomine,
2230 1051 2379 1125 quid

315 1133 545 1193 efficit?
589 1131 750 1193 idem
782 1131 930 1193 illud
959 1130 1224 1205 scilicet,
1267 1140 1336 1192 ut
1368 1131 1470 1191 ille
1503 1133 1633 1193 vult
1666 1141 1726 1193 et
1758 1149 1875 1207 ego
1906 1135 2127 1193 vellem
2161 1133 2381 1195 melius

315 1218 624 1290 aliquanto
671 1232 852 1289 quam
894 1214 1212 1275 Albucius.
1283 1217 1515 1275 Verum
1561 1216 1620 1275 in
1656 1233 1753 1276 me
1791 1215 2039 1291 quidem
2073 1216 2216 1277 lusit
2256 1216 2379 1287 ille,

314 1309 379 1362 ut
421 1300 598 1360 solet:
663 1297 805 1362 172.
853 1298 979 1359 Sed
1017 1296 1113 1359 es‘t
1159 1307 1358 1359 tamen
1401 1299 1556 1359 haec
1598 1299 1921 1361 collocatio
1952 1301 2377 1362 conservanda

315 1384 668 1457 verborum,
713 1383 792 1443 de
834 1399 959 1457 qua
1000 1384 1252 1457 loquor;
1301 1379 1462 1458 quae
1508 1381 1774 1444 iunctam
1803 1382 2140 1445 orationem
2171 1382 2376 1458 efficit,

314 1482 474 1542 quae
508 1467 936 1527 cohaerentem
952 1511 965 1538 ,
1002 1481 1160 1540 quae
1190 1469 1387 1526 lenem
1403 1512 1417 1538 ,
1454 1483 1615 1541 quae
1644 1466 2045 1541 aequabiliter
2067 1467 2380 1528 fluentem.

316 1551 378 1609 ld
414 1548 870 1623 adsequemini,
915 1548 970 1607 si
1015 1550 1202 1608 verba
1231 1558 1505 1610 extrema
1534 1566 1673 1610 cum
1702 1550 2229 1626 consequentibus
2257 1551 2379 1625 pri·

313 1631 427 1692 mis
443 1630 527 1690 ita
548 1630 894 1705 iungentur,
925 1638 989 1689 ut
1011 1646 1170 1690 neve
1192 1648 1417 1706 aspere
1444 1643 1807 1694 concurrant
1836 1650 1991 1694 neve
2019 1636 2255 1695 vastius
2288 1633 2378 1693 di-

311 1715 627 1777 ducantur.
703 1716 909 1775 XLIV.
942 1711 1085 1776 173.
1125 1716 1296 1776 Hanc
1328 1716 1701 1792 diligentiam
1731 1718 2125 1793 subsequitur
2155 1718 2380 1779 modus

311 1800 493 1861 etiam
527 1807 588 1860 et
621 1800 815 1860 forma
844 1800 1201 1872 verborum,
1246 1801 1414 1875 quod
1451 1799 1570 1859 iam
1603 1817 1851 1874 vereor,
1886 1818 1961 1862 ne
1994 1799 2133 1861 huic
2165 1801 2379 1862 Catulo

312 1883 590 1944 videatur
629 1899 775 1943 esse
818 1882 1074 1958 puerile.
1144 1885 1382 1944 Versus
1426 1885 1588 1944 enim
1624 1893 1863 1946 veteres
1897 1886 1977 1945 illi
2022 1884 2081 1944 in
2120 1885 2236 1945 hac
2274 1900 2374 1945 so-

310 1970 435 2029 luta
465 1965 739 2029 oratione
769 1968 1246 2043 propemodum,
1294 1969 1412 2029 hoc
1445 1979 1566 2042 est,
1603 1985 1892 2031 numeros
1929 1970 2231 2044 quosdam
2266 1985 2380 2029 no-

207 2110 211 2114 .
309 2051 405 2111 bis
438 2067 581 2112 esse
617 2049 1001 2112 adhibendos
1031 2060 1416 2127 putaverunt.
1474 2052 1992 2129 Interspirationis
2020 2052 2213 2125 enim,
2248 2070 2376 2114 non

309 2132 763 2211 defatigationis
786 2144 1035 2196 nostrae
1066 2152 1268 2210 neque
1300 2134 1681 2197 librariorum
1704 2136 1883 2211 notiS,
1913 2138 2026 2197 sed
2047 2137 2408 2197 verborum⁴

309 2229 368 2280 et
404 2218 843 2279 sententiarum
877 2219 1062 2279 modo
1098 2217 1516 2294 interpunctas
1560 2221 1915 2281 clausulas·
1900 2238 1958 2280 ιιι
1993 2218 2378 2281 orationibus

308 2318 452 2364 esse
483 2303 842 2386 ‚voluerunt3
888 2302 1077 2374 idque
1109 2301 1400 2377 princeps
1445 2304 1748 2365 Isocrates
1793 2302 2130 2366 instituisse
2166 2305 2376 2376 fertur,

306 2396 373 2447 ut
401 2383 777 2445 inconditam
806 2384 1195 2459 antiquorum
1227 2385 1469 2445 dicendi
1495 2388 1999 2448 consuetudinem
2023 2387 2376 2448 delectatio·

311 2471 402 2529 nis
446 2477 631 2542 atque
675 2467 912 2528 aurium
956 2484 1176 2543 causa,
1221 2471 1735 2545 quemadmodum
1781 2471 1989 2532 scribit
2031 2470 2377 2546 discipulus

309 2551 442 2613 eius
486 2551 854 2626 NaucrateS,
913 2554 1181 2613 numeris
1222 2554 1603 2629 astringeret.
1693 2554 1835 2616 174.
1890 2557 2165 2630 Namque
2220 2554 2378 2614 haec
2415 2569 2419 2575 ·

307 2637 431 2696 duo
463 2633 708 2708 musici,
758 2634 864 2710 qui
897 2645 1069 2697 erant
1104 2638 1413 2712 q‘uondam
1443 2638 1604 2697 idem
1636 2641 1887 2713 poetae,
1932 2635 2259 2698 machinati
2294 2639 2376 2698 ad

312 2722 686 2794 voluptatem
717 2728 885 2791 sunt,
924 2736 1168 2781 versum
1195 2728 1382 2796 atque
1410 2730 1683 2795 cantum,
1715 2729 1778 2782 ut
1808 2731 1869 2782 et
1901 2722 2228 2782 verborum
2263 2738 2376 2782 nu-

310 2820 476 2864 mero
517 2813 578 2864 et
611 2818 830 2864 vocum
861 2803 1044 2864 modo
1079 2804 1485 2866 delectatione
1515 2804 1831 2867 vincerent
1858 2806 2092 2865 aurium
2124 2802 2372 2865 satieta-

309 2898 446 2948 tem.
515 2888 683 2946 Haec
727 2886 907 2962 igitur
949 2888 1105 2960 duo,
1149 2888 1325 2948 vocis
1372 2889 1510 2949 dico
1547 2887 2027 2950 moderationem
2058 2896 2119 2948 et
2153 2889 2377 2950 verbo-

303 2988 436 3029 rum
481 2971 969 3042 conclusionem,
1020 2972 1225 3046 quoad
1270 2971 1565 3032 orationis
1618 2971 1917 3033 severitas
1964 2971 2089 3048 pati
2136 2981 2380 3048 posset,

303 3070 342 3113 a
376 3052 616 3128 poetica
640 3054 720 3112 ad
748 3053 1158 3128 eloquentiam
1180 3056 1558 3115 traducenda
1582 3057 1905 3116 duxerunt.
1969 3052 2103 3117 175.
2144 3057 2213 3114 ln
2246 3072 2376 3130 quo

303 3136 453 3197 illud
481 3139 735 3209 est[vel]
761 3137 1108 3212 maximum,
1144 3140 1313 3213 quod
1352 3155 1569 3199 versus
1610 3137 1673 3199 in
1709 3138 1985 3200 oratione
2021 3136 2073 3199 si
2108 3137 2379 3200 efficitur

303 3219 736 3283 coniunctione
782 3222 1139 3295 verborum,
1183 3221 1397 3283 vitium
1444 3233 1566 3293 est3
1617 3232 1677 3284 et
1711 3233 1910 3284 tamen
1946 3238 2081 3284 eam
2117 3221 2376 3284 coniun-

304 3303 567 3364 ctionem
612 3303 791 3364 sicuti
830 3322 1077 3366 versum
1107 3322 1436 3367 numerose
1466 3308 1689 3367 cadere
1720 3316 1782 3368 et
1812 3307 2115 3381 quadrare
2143 3321 2202 3368 et
2231 3323 2375 3383 per·

303 3385 404 3446 fici
433 3390 737 3448 volumus.
797 3389 1011 3463 Neque
1043 3398 1138 3450 est
1167 3403 1254 3449 ex·
1276 3389 1480 3451 multis
1510 3406 1613 3450 res
1642 3407 1792 3465 una,
1833 3407 1992 3466 quae
2016 3407 2212 3464 magis
2236 3407 2375 3451 ora-

304 3476 493 3527 torem
528 3470 603 3528 ab
635 3469 916 3543 imperito
946 3471 1190 3533 dicendi
1220 3474 1560 3548 ignaroque
1591 3472 1954 3550 distinguat,
1991 3491 2172 3548 quam
2201 3475 2376 3546 quod
