<?xml version="1.0" encoding="UTF-8"?>
<!DOCTYPE html PUBLIC "-//W3C//DTD XHTML 1.0 Transitional//EN"
    "http://www.w3.org/TR/xhtml1/DTD/xhtml1-transitional.dtd">
<html xmlns="http://www.w3.org/1999/xhtml" xml:lang="en" lang="en">
 <head>
  <title>
</title>
<meta http-equiv="Content-Type" content="text/html;charset=utf-8" />
  <meta name='ocr-system' content='tesseract 3.04.00' />
  <meta name='ocr-capabilities' content='ocr_page ocr_carea ocr_par ocr_line ocrx_word'/>
</head>
<body>
  <div class='ocr_page' id='page_1' title='image "./deoratorelibrit01cicegoog_0039.png"; bbox 0 0 2622 3908; ppageno 0'>
   <div class='ocr_carea' id='block_1_1' title="bbox 724 210 2327 276">
    <p class='ocr_par' dir='ltr' id='par_1_1' title="bbox 724 210 2327 276">
     <span class='ocr_line' id='line_1_1' title="bbox 724 210 2327 276; baseline 0.001 -7"><span class='ocrx_word' id='word_1_1' title='bbox 724 211 868 269; x_wconf 87' lang='lat' dir='ltr'><strong>LIB.</strong></span> <span class='ocrx_word' id='word_1_2' title='bbox 895 210 938 269; x_wconf 92' lang='lat'>1.</span> <span class='ocrx_word' id='word_1_3' title='bbox 986 211 1149 269; x_wconf 85' lang='lat' dir='ltr'>CAP.</span> <span class='ocrx_word' id='word_1_4' title='bbox 1171 217 1418 271; x_wconf 72' lang='lat'><strong>35—38.</strong></span> <span class='ocrx_word' id='word_1_5' title='bbox 1462 216 1513 276; x_wconf 75' lang='lat' dir='ltr'>S.</span> <span class='ocrx_word' id='word_1_6' title='bbox 1541 219 1853 275; x_wconf 81' lang='grc'>163-172,</span> <span class='ocrx_word' id='word_1_7' title='bbox 2245 211 2327 271; x_wconf 86' lang='grc'>35</span> 
     </span>
    </p>
   </div>
   <div class='ocr_carea' id='block_1_2' title="bbox 250 358 2408 3594">
    <p class='ocr_par' dir='ltr' id='par_1_2' title="bbox 251 358 2326 686">
     <span class='ocr_line' id='line_1_2' title="bbox 255 358 2326 436; baseline -0.002 -12"><span class='ocrx_word' id='word_1_8' title='bbox 255 360 478 424; x_wconf 76' lang='lat' dir='ltr'>tabulis</span> <span class='ocrx_word' id='word_1_9' title='bbox 513 358 903 436; x_wconf 77' lang='lat' dir='ltr'>permiserat3</span> <span class='ocrx_word' id='word_1_10' title='bbox 944 361 1112 436; x_wconf 89' lang='lat' dir='ltr'>quod</span> <span class='ocrx_word' id='word_1_11' title='bbox 1149 378 1337 435; x_wconf 89' lang='lat' dir='ltr'>quum</span> <span class='ocrx_word' id='word_1_12' title='bbox 1372 360 1793 436; x_wconf 79' lang='lat' dir='ltr'><strong>impetrasset,</strong></span> <span class='ocrx_word' id='word_1_13' title='bbox 1826 378 2015 423; x_wconf 90' lang='lat' dir='ltr'>causa</span> <span class='ocrx_word' id='word_1_14' title='bbox 2047 365 2326 424; x_wconf 65' lang='lat' dir='ltr'>caderetu</span> 
     </span>
     <span class='ocr_line' id='line_1_3' title="bbox 251 441 2324 521; baseline 0 -15"><span class='ocrx_word' id='word_1_15' title='bbox 251 447 405 506; x_wconf 84' lang='lat' dir='ltr'>alter</span> <span class='ocrx_word' id='word_1_16' title='bbox 438 441 717 520; x_wconf 90' lang='lat' dir='ltr'>iniquum</span> <span class='ocrx_word' id='word_1_17' title='bbox 749 444 1004 518; x_wconf 90' lang='lat' dir='ltr'>putabat</span> <span class='ocrx_word' id='word_1_18' title='bbox 1037 444 1177 519; x_wconf 92' lang='lat' dir='ltr'>plus</span> <span class='ocrx_word' id='word_1_19' title='bbox 1213 460 1426 504; x_wconf 91' lang='lat' dir='ltr'>secum</span> <span class='ocrx_word' id='word_1_20' title='bbox 1461 443 1590 518; x_wconf 86' lang='lat' dir='ltr'>agi,</span> <span class='ocrx_word' id='word_1_21' title='bbox 1638 461 1821 520; x_wconf 90' lang='lat' dir='ltr'>quam</span> <span class='ocrx_word' id='word_1_22' title='bbox 1859 446 2027 521; x_wconf 92' lang='lat' dir='ltr'>quod</span> <span class='ocrx_word' id='word_1_23' title='bbox 2086 454 2216 506; x_wconf 87' lang='lat' dir='ltr'>erat</span> <span class='ocrx_word' id='word_1_24' title='bbox 2265 445 2324 506; x_wconf 91' lang='lat' dir='ltr'>in</span> 
     </span>
     <span class='ocr_line' id='line_1_4' title="bbox 255 526 2323 604; baseline -0.002 -11"><span class='ocrx_word' id='word_1_25' title='bbox 255 528 528 600; x_wconf 66' lang='lat' dir='ltr'>actionc3</span> <span class='ocrx_word' id='word_1_26' title='bbox 552 544 767 601; x_wconf 15' lang='lat' dir='ltr'>*neque</span> <span class='ocrx_word' id='word_1_27' title='bbox 802 526 1202 603; x_wconf 75' lang='lat' dir='ltr'>intelligebat,</span> <span class='ocrx_word' id='word_1_28' title='bbox 1238 527 1291 587; x_wconf 92' lang='lat' dir='ltr'>si</span> <span class='ocrx_word' id='word_1_29' title='bbox 1323 527 1406 588; x_wconf 86' lang='lat' dir='ltr'>ita</span> <span class='ocrx_word' id='word_1_30' title='bbox 1441 536 1610 588; x_wconf 91' lang='lat' dir='ltr'>esset</span> <span class='ocrx_word' id='word_1_31' title='bbox 1643 537 1873 604; x_wconf 89' lang='lat' dir='ltr'>actum,</span> <span class='ocrx_word' id='word_1_32' title='bbox 1910 528 2073 589; x_wconf 91' lang='lat' dir='ltr'>litem</span> <span class='ocrx_word' id='word_1_33' title='bbox 2106 530 2323 590; x_wconf 87' lang='lat' dir='ltr'>adver-</span> 
     </span>
     <span class='ocr_line' id='line_1_5' title="bbox 255 610 916 686; baseline -0.008 -14"><span class='ocrx_word' id='word_1_34' title='bbox 255 610 484 672; x_wconf 83' lang='lat' dir='ltr'>sarium</span> <span class='ocrx_word' id='word_1_35' title='bbox 522 611 916 686; x_wconf 90' lang='lat' dir='ltr'>perditurum.</span> 
     </span>
    </p>

    <p class='ocr_par' dir='ltr' id='par_1_3' title="bbox 250 692 2408 3280">
     <span class='ocr_line' id='line_1_6' title="bbox 419 692 2322 770; baseline 0.001 -15"><span class='ocrx_word' id='word_1_36' title='bbox 419 695 715 755; x_wconf 87' lang='lat' dir='ltr'>XXXVII.</span> <span class='ocrx_word' id='word_1_37' title='bbox 765 692 905 756; x_wconf 84' lang='grc'><strong>168.</strong></span> <span class='ocrx_word' id='word_1_38' title='bbox 965 692 1163 767; x_wconf 69' lang='lat' dir='ltr'>Quid?</span> <span class='ocrx_word' id='word_1_39' title='bbox 1207 693 1269 753; x_wconf 92' lang='lat' dir='ltr'>in</span> <span class='ocrx_word' id='word_1_40' title='bbox 1305 692 1403 754; x_wconf 91' lang='lat' dir='ltr'>his</span> <span class='ocrx_word' id='word_1_41' title='bbox 1445 692 1663 770; x_wconf 83' lang='lat' dir='ltr'><strong>paucis</strong></span> <span class='ocrx_word' id='word_1_42' title='bbox 1711 694 1929 754; x_wconf 90' lang='lat' dir='ltr'>diebus</span> <span class='ocrx_word' id='word_1_43' title='bbox 1977 712 2181 755; x_wconf 91' lang='lat' dir='ltr'>nonne</span> <span class='ocrx_word' id='word_1_44' title='bbox 2215 712 2322 757; x_wconf 57' lang='lat' dir='ltr'>no*</span> 
     </span>
     <span class='ocr_line' id='line_1_7' title="bbox 254 776 2325 853; baseline 0 -14"><span class='ocrx_word' id='word_1_45' title='bbox 254 777 348 839; x_wconf 83' lang='lat' dir='ltr'>nis</span> <span class='ocrx_word' id='word_1_46' title='bbox 385 777 446 838; x_wconf 92' lang='lat' dir='ltr'>in</span> <span class='ocrx_word' id='word_1_47' title='bbox 481 776 764 839; x_wconf 88' lang='lat' dir='ltr'>tribunali</span> <span class='ocrx_word' id='word_1_48' title='bbox 800 777 867 851; x_wconf 82' lang='lat' dir='ltr'>Q.</span> <span class='ocrx_word' id='word_1_49' title='bbox 901 776 1173 852; x_wconf 89' lang='lat' dir='ltr'>Pompeii</span> <span class='ocrx_word' id='word_1_50' title='bbox 1209 776 1509 853; x_wconf 88' lang='lat' dir='ltr'>praetoris</span> <span class='ocrx_word' id='word_1_51' title='bbox 1545 776 1761 837; x_wconf 89' lang='lat' dir='ltr'>urbani</span> <span class='ocrx_word' id='word_1_52' title='bbox 1794 776 2103 838; x_wconf 77' lang='lat' dir='ltr'>familiaris</span> <span class='ocrx_word' id='word_1_53' title='bbox 2132 777 2325 840; x_wconf 77' lang='lat' dir='ltr'>nostri</span> 
     </span>
     <span class='ocr_line' id='line_1_8' title="bbox 250 859 2324 936; baseline 0 -16"><span class='ocrx_word' id='word_1_54' title='bbox 250 859 614 922; x_wconf 75' lang='lat' dir='ltr'>sedentibus</span> <span class='ocrx_word' id='word_1_55' title='bbox 659 861 843 921; x_wconf 89' lang='lat' dir='ltr'>homo</span> <span class='ocrx_word' id='word_1_56' title='bbox 880 877 956 921; x_wconf 91' lang='lat' dir='ltr'>ex</span> <span class='ocrx_word' id='word_1_57' title='bbox 992 877 1244 922; x_wconf 90' lang='lat' dir='ltr'>numero</span> <span class='ocrx_word' id='word_1_58' title='bbox 1291 861 1659 921; x_wconf 77' lang='lat' dir='ltr'>disertorum</span> <span class='ocrx_word' id='word_1_59' title='bbox 1694 862 2074 936; x_wconf 90' lang='lat' dir='ltr'>postulabat,</span> <span class='ocrx_word' id='word_1_60' title='bbox 2119 871 2187 922; x_wconf 92' lang='lat' dir='ltr'>ut</span> <span class='ocrx_word' id='word_1_61' title='bbox 2219 861 2324 936; x_wconf 92' lang='lat' dir='ltr'>illi,</span> 
     </span>
     <span class='ocr_line' id='line_1_9' title="bbox 251 943 2324 1021; baseline -0.001 -16"><span class='ocrx_word' id='word_1_62' title='bbox 251 947 417 1006; x_wconf 89' lang='lat' dir='ltr'>unde</span> <span class='ocrx_word' id='word_1_63' title='bbox 456 952 793 1021; x_wconf 88' lang='lat' dir='ltr'>peteretur,</span> <span class='ocrx_word' id='word_1_64' title='bbox 826 952 1006 1005; x_wconf 89' lang='lat' dir='ltr'>vetus</span> <span class='ocrx_word' id='word_1_65' title='bbox 1037 953 1222 1020; x_wconf 87' lang='lat' dir='ltr'>atque</span> <span class='ocrx_word' id='word_1_66' title='bbox 1256 944 1481 1005; x_wconf 87' lang='lat' dir='ltr'>usitata</span> <span class='ocrx_word' id='word_1_67' title='bbox 1514 943 1796 1019; x_wconf 86' lang='lat' dir='ltr'>exceptio</span> <span class='ocrx_word' id='word_1_68' title='bbox 1832 945 2109 1019; x_wconf 87' lang='lat' dir='ltr'>daretur,</span> <span class='ocrx_word' id='word_1_69' title='bbox 2154 961 2324 1004; x_wconf 83' lang='lat' dir='ltr'>cums</span> 
     </span>
     <span class='ocr_line' id='line_1_10' title="bbox 252 1028 2324 1105; baseline -0.001 -16"><span class='ocrx_word' id='word_1_70' title='bbox 252 1045 543 1090; x_wconf 65' lang='lat' dir='ltr'>vacuum:</span> <span class='ocrx_word' id='word_1_71' title='bbox 566 1045 702 1088; x_wconf 77' lang='lat' dir='ltr'>oms</span> <span class='ocrx_word' id='word_1_72' title='bbox 726 1036 1006 1088; x_wconf 69' lang='lat' dir='ltr'>rmssm?</span> <span class='ocrx_word' id='word_1_73' title='bbox 1034 1029 1202 1104; x_wconf 92' lang='lat' dir='ltr'>quod</span> <span class='ocrx_word' id='word_1_74' title='bbox 1224 1028 1503 1105; x_wconf 88' lang='lat' dir='ltr'>petitoris</span> <span class='ocrx_word' id='word_1_75' title='bbox 1527 1045 1717 1089; x_wconf 89' lang='lat' dir='ltr'>causa</span> <span class='ocrx_word' id='word_1_76' title='bbox 1740 1038 2157 1103; x_wconf 89' lang='lat' dir='ltr'>comparatum</span> <span class='ocrx_word' id='word_1_77' title='bbox 2182 1044 2324 1089; x_wconf 89' lang='lat' dir='ltr'>esse</span> 
     </span>
     <span class='ocr_line' id='line_1_11' title="bbox 255 1110 2325 1188; baseline -0.001 -15"><span class='ocrx_word' id='word_1_78' title='bbox 255 1131 377 1175; x_wconf 90' lang='lat' dir='ltr'>non</span> <span class='ocrx_word' id='word_1_79' title='bbox 412 1111 823 1188; x_wconf 79' lang='lat' dir='ltr'>intelligebat=</span> <span class='ocrx_word' id='word_1_80' title='bbox 870 1119 966 1185; x_wconf 91' lang='lat' dir='ltr'>ut,</span> <span class='ocrx_word' id='word_1_81' title='bbox 1014 1112 1069 1173; x_wconf 94' lang='lat' dir='ltr'>si</span> <span class='ocrx_word' id='word_1_82' title='bbox 1115 1111 1216 1172; x_wconf 90' lang='lat' dir='ltr'>ille</span> <span class='ocrx_word' id='word_1_83' title='bbox 1257 1111 1546 1173; x_wconf 85' lang='lat' dir='ltr'>infitiator</span> <span class='ocrx_word' id='word_1_84' title='bbox 1588 1112 1919 1187; x_wconf 84' lang='lat' dir='ltr'>probasset</span> <span class='ocrx_word' id='word_1_85' title='bbox 1964 1110 2150 1173; x_wconf 88' lang='lat' dir='ltr'>iudici</span> <span class='ocrx_word' id='word_1_86' title='bbox 2183 1121 2325 1172; x_wconf 89' lang='lat' dir='ltr'>ante</span> 
     </span>
     <span class='ocr_line' id='line_1_12' title="bbox 257 1195 2325 1271; baseline -0.001 -15"><span class='ocrx_word' id='word_1_87' title='bbox 257 1196 506 1259; x_wconf 76' lang='lat' dir='ltr'>petitam</span> <span class='ocrx_word' id='word_1_88' title='bbox 539 1212 683 1258; x_wconf 89' lang='lat' dir='ltr'>esse</span> <span class='ocrx_word' id='word_1_89' title='bbox 715 1195 1068 1271; x_wconf 85' lang='lat' dir='ltr'>pecuniam,</span> <span class='ocrx_word' id='word_1_90' title='bbox 1123 1212 1306 1270; x_wconf 92' lang='lat' dir='ltr'>quam</span> <span class='ocrx_word' id='word_1_91' title='bbox 1350 1203 1519 1255; x_wconf 89' lang='lat' dir='ltr'>esset</span> <span class='ocrx_word' id='word_1_92' title='bbox 1566 1203 1787 1269; x_wconf 87' lang='lat' dir='ltr'>coepta</span> <span class='ocrx_word' id='word_1_93' title='bbox 1821 1196 2065 1269; x_wconf 89' lang='lat' dir='ltr'>deberi,</span> <span class='ocrx_word' id='word_1_94' title='bbox 2099 1195 2325 1270; x_wconf 88' lang='lat' dir='ltr'>petitor</span> 
     </span>
     <span class='ocr_line' id='line_1_13' title="bbox 258 1277 2322 1355; baseline -0.003 -13"><span class='ocrx_word' id='word_1_95' title='bbox 258 1293 471 1342; x_wconf 72' lang='lat' dir='ltr'>rursus</span> <span class='ocrx_word' id='word_1_96' title='bbox 509 1296 696 1355; x_wconf 91' lang='lat' dir='ltr'>quum</span> <span class='ocrx_word' id='word_1_97' title='bbox 730 1286 993 1353; x_wconf 91' lang='lat' dir='ltr'>peteret,</span> <span class='ocrx_word' id='word_1_98' title='bbox 1034 1295 1112 1338; x_wconf 88' lang='lat' dir='ltr'>ne</span> <span class='ocrx_word' id='word_1_99' title='bbox 1160 1277 1524 1354; x_wconf 86' lang='lat' dir='ltr'>exceptione</span> <span class='ocrx_word' id='word_1_100' title='bbox 1560 1280 2014 1354; x_wconf 83' lang='lat' dir='ltr'>excluderetur,</span> <span class='ocrx_word' id='word_1_101' title='bbox 2057 1294 2210 1347; x_wconf 80' lang='lat' dir='ltr'>ouon</span> <span class='ocrx_word' id='word_1_102' title='bbox 2242 1295 2322 1337; x_wconf 77' lang='lat' dir='ltr'>EA</span> 
     </span>
     <span class='ocr_line' id='line_1_14' title="bbox 257 1361 2320 1438; baseline -0.002 -10"><span class='ocrx_word' id='word_1_103' title='bbox 257 1379 366 1428; x_wconf 65' lang='lat' dir='ltr'>aas</span> <span class='ocrx_word' id='word_1_104' title='bbox 402 1380 465 1424; x_wconf 78' lang='lat' dir='ltr'>m</span> <span class='ocrx_word' id='word_1_105' title='bbox 497 1378 769 1423; x_wconf 76' lang='lat' dir='ltr'>mmcnm</span> <span class='ocrx_word' id='word_1_106' title='bbox 798 1378 952 1420; x_wconf 75' lang='lat' dir='ltr'>ANTE</span> <span class='ocrx_word' id='word_1_107' title='bbox 985 1378 1289 1423; x_wconf 71' lang='lat' dir='ltr'>vssmssssr.</span> <span class='ocrx_word' id='word_1_108' title='bbox 1371 1361 1511 1423; x_wconf 80' lang='lat'><strong>169.</strong></span> <span class='ocrx_word' id='word_1_109' title='bbox 1548 1361 1706 1437; x_wconf 82' lang='lat' dir='ltr'>Quid</span> <span class='ocrx_word' id='word_1_110' title='bbox 1731 1380 1877 1438; x_wconf 86' lang='lat' dir='ltr'>ergo</span> <span class='ocrx_word' id='word_1_111' title='bbox 1903 1362 2022 1424; x_wconf 91' lang='lat' dir='ltr'>hoc</span> <span class='ocrx_word' id='word_1_112' title='bbox 2046 1361 2179 1423; x_wconf 88' lang='lat' dir='ltr'>fieri</span> <span class='ocrx_word' id='word_1_113' title='bbox 2203 1371 2320 1423; x_wconf 87' lang='lat' dir='ltr'>tur-</span> 
     </span>
     <span class='ocr_line' id='line_1_15' title="bbox 256 1445 2325 1524; baseline -0.001 -16"><span class='ocrx_word' id='word_1_114' title='bbox 256 1449 396 1524; x_wconf 90' lang='lat' dir='ltr'>pius</span> <span class='ocrx_word' id='word_1_115' title='bbox 432 1455 538 1509; x_wconf 92' lang='lat' dir='ltr'>aut</span> <span class='ocrx_word' id='word_1_116' title='bbox 567 1445 689 1506; x_wconf 91' lang='lat' dir='ltr'>dici</span> <span class='ocrx_word' id='word_1_117' title='bbox 723 1454 955 1520; x_wconf 92' lang='lat' dir='ltr'>potest,</span> <span class='ocrx_word' id='word_1_118' title='bbox 994 1462 1179 1521; x_wconf 88' lang='lat' dir='ltr'>quam</span> <span class='ocrx_word' id='word_1_119' title='bbox 1212 1463 1382 1521; x_wconf 92' lang='lat' dir='ltr'>eum,</span> <span class='ocrx_word' id='word_1_120' title='bbox 1416 1445 1520 1521; x_wconf 92' lang='lat' dir='ltr'>qui</span> <span class='ocrx_word' id='word_1_121' title='bbox 1556 1446 1712 1507; x_wconf 90' lang='lat' dir='ltr'>hanc</span> <span class='ocrx_word' id='word_1_122' title='bbox 1748 1463 2078 1522; x_wconf 83' lang='lat' dir='ltr'>personam</span> <span class='ocrx_word' id='word_1_123' title='bbox 2114 1462 2325 1507; x_wconf 90' lang='lat' dir='ltr'>susce-</span> 
     </span>
     <span class='ocr_line' id='line_1_16' title="bbox 257 1529 2324 1609; baseline -0.001 -17"><span class='ocrx_word' id='word_1_124' title='bbox 257 1530 443 1609; x_wconf 87' lang='lat' dir='ltr'>perit,</span> <span class='ocrx_word' id='word_1_125' title='bbox 477 1539 544 1592; x_wconf 90' lang='lat' dir='ltr'>ut</span> <span class='ocrx_word' id='word_1_126' title='bbox 572 1529 908 1591; x_wconf 89' lang='lat' dir='ltr'>amicorum</span> <span class='ocrx_word' id='word_1_127' title='bbox 940 1530 1394 1591; x_wconf 87' lang='lat' dir='ltr'>controversias</span> <span class='ocrx_word' id='word_1_128' title='bbox 1444 1546 1793 1606; x_wconf 83' lang='lat' dir='ltr'>causasque</span> <span class='ocrx_word' id='word_1_129' title='bbox 1841 1540 2104 1602; x_wconf 84' lang='lat' dir='ltr'>tueatur,</span> <span class='ocrx_word' id='word_1_130' title='bbox 2155 1530 2324 1590; x_wconf 90' lang='lat' dir='ltr'>labo-</span> 
     </span>
     <span class='ocr_line' id='line_1_17' title="bbox 257 1612 2325 1689; baseline -0.003 -12"><span class='ocrx_word' id='word_1_131' title='bbox 257 1615 532 1677; x_wconf 84' lang='lat' dir='ltr'>rantibus</span> <span class='ocrx_word' id='word_1_132' title='bbox 566 1621 914 1686; x_wconf 87' lang='lat' dir='ltr'>succurrat,</span> <span class='ocrx_word' id='word_1_133' title='bbox 949 1612 1151 1689; x_wconf 83' lang='lat' dir='ltr'>aegris</span> <span class='ocrx_word' id='word_1_134' title='bbox 1185 1614 1529 1687; x_wconf 87' lang='lat' dir='ltr'>medeatur,</span> <span class='ocrx_word' id='word_1_135' title='bbox 1566 1614 1850 1676; x_wconf 87' lang='lat' dir='ltr'>adflictos</span> <span class='ocrx_word' id='word_1_136' title='bbox 1887 1614 2128 1687; x_wconf 91' lang='lat' dir='ltr'>excitet,</span> <span class='ocrx_word' id='word_1_137' title='bbox 2162 1615 2325 1673; x_wconf 92' lang='lat' dir='ltr'>hunc</span> 
     </span>
     <span class='ocr_line' id='line_1_18' title="bbox 257 1695 2325 1772; baseline -0.002 -13"><span class='ocrx_word' id='word_1_138' title='bbox 257 1700 318 1760; x_wconf 93' lang='lat' dir='ltr'>in</span> <span class='ocrx_word' id='word_1_139' title='bbox 352 1697 617 1759; x_wconf 90' lang='lat' dir='ltr'>minimis</span> <span class='ocrx_word' id='word_1_140' title='bbox 645 1695 1142 1772; x_wconf 87' lang='lat' dir='ltr'>tenuissimisque</span> <span class='ocrx_word' id='word_1_141' title='bbox 1176 1697 1361 1758; x_wconf 92' lang='lat' dir='ltr'>rebus</span> <span class='ocrx_word' id='word_1_142' title='bbox 1386 1696 1468 1757; x_wconf 89' lang='lat' dir='ltr'>ita</span> <span class='ocrx_word' id='word_1_143' title='bbox 1494 1697 1633 1771; x_wconf 90' lang='lat' dir='ltr'>labi,</span> <span class='ocrx_word' id='word_1_144' title='bbox 1666 1706 1733 1759; x_wconf 91' lang='lat' dir='ltr'>ut</span> <span class='ocrx_word' id='word_1_145' title='bbox 1755 1697 1891 1758; x_wconf 89' lang='lat' dir='ltr'>aliis</span> <span class='ocrx_word' id='word_1_146' title='bbox 1915 1697 2325 1769; x_wconf 82' lang='lat' dir='ltr'>miseranduS,</span> 
     </span>
     <span class='ocr_line' id='line_1_19' title="bbox 256 1779 2325 1856; baseline -0.003 -12"><span class='ocrx_word' id='word_1_147' title='bbox 256 1782 395 1844; x_wconf 84' lang='lat' dir='ltr'>aliis</span> <span class='ocrx_word' id='word_1_148' title='bbox 430 1781 777 1842; x_wconf 90' lang='lat' dir='ltr'>irridendus</span> <span class='ocrx_word' id='word_1_149' title='bbox 806 1797 951 1842; x_wconf 91' lang='lat' dir='ltr'>esse</span> <span class='ocrx_word' id='word_1_150' title='bbox 988 1780 1302 1841; x_wconf 70' lang='lat' dir='ltr'>videatur?</span> <span class='ocrx_word' id='word_1_151' title='bbox 1392 1779 1531 1842; x_wconf 88' lang='lat'>170.</span> <span class='ocrx_word' id='word_1_152' title='bbox 1573 1780 1877 1856; x_wconf 90' lang='lat' dir='ltr'>Equidem</span> <span class='ocrx_word' id='word_1_153' title='bbox 1911 1779 2325 1856; x_wconf 88' lang='lat' dir='ltr'>propinquum</span> 
     </span>
     <span class='ocr_line' id='line_1_20' title="bbox 258 1863 2325 1938; baseline -0.002 -11"><span class='ocrx_word' id='word_1_154' title='bbox 258 1876 548 1937; x_wconf 91' lang='lat' dir='ltr'>nostrum,</span> <span class='ocrx_word' id='word_1_155' title='bbox 585 1866 647 1924; x_wconf 90' lang='lat' dir='ltr'>P.</span> <span class='ocrx_word' id='word_1_156' title='bbox 675 1865 960 1926; x_wconf 89' lang='lat' dir='ltr'>Crassum</span> <span class='ocrx_word' id='word_1_157' title='bbox 982 1865 1148 1924; x_wconf 91' lang='lat' dir='ltr'>illum</span> <span class='ocrx_word' id='word_1_158' title='bbox 1173 1863 1449 1938; x_wconf 89' lang='lat' dir='ltr'>Divitem,</span> <span class='ocrx_word' id='word_1_159' title='bbox 1486 1873 1547 1924; x_wconf 93' lang='lat' dir='ltr'>et</span> <span class='ocrx_word' id='word_1_160' title='bbox 1579 1864 1781 1925; x_wconf 91' lang='lat' dir='ltr'>multis</span> <span class='ocrx_word' id='word_1_161' title='bbox 1815 1863 1951 1925; x_wconf 91' lang='lat' dir='ltr'>aliis</span> <span class='ocrx_word' id='word_1_162' title='bbox 1982 1865 2170 1925; x_wconf 90' lang='lat' dir='ltr'>rebus</span> <span class='ocrx_word' id='word_1_163' title='bbox 2206 1864 2325 1924; x_wconf 87' lang='lat' dir='ltr'>ele-</span> 
     </span>
     <span class='ocr_line' id='line_1_21' title="bbox 259 1946 2325 2027; baseline -0.003 -16"><span class='ocrx_word' id='word_1_164' title='bbox 259 1959 504 2027; x_wconf 84' lang='lat' dir='ltr'>gantem</span> <span class='ocrx_word' id='word_1_165' title='bbox 539 1947 845 2010; x_wconf 88' lang='lat' dir='ltr'>hominem</span> <span class='ocrx_word' id='word_1_166' title='bbox 882 1958 943 2010; x_wconf 92' lang='lat' dir='ltr'>et</span> <span class='ocrx_word' id='word_1_167' title='bbox 977 1957 1254 2008; x_wconf 89' lang='lat' dir='ltr'>ornatum</span> <span class='ocrx_word' id='word_1_168' title='bbox 1301 1956 1364 2008; x_wconf 89' lang='lat' dir='ltr'>et</span> <span class='ocrx_word' id='word_1_169' title='bbox 1413 1946 1745 2023; x_wconf 86' lang='lat' dir='ltr'>praecipue</span> <span class='ocrx_word' id='word_1_170' title='bbox 1791 1946 1850 2007; x_wconf 92' lang='lat' dir='ltr'>in</span> <span class='ocrx_word' id='word_1_171' title='bbox 1900 1946 2020 2008; x_wconf 92' lang='lat' dir='ltr'>hoc</span> <span class='ocrx_word' id='word_1_172' title='bbox 2064 1948 2325 2009; x_wconf 78' lang='lat' dir='ltr'>efferen-</span> 
     </span>
     <span class='ocr_line' id='line_1_22' title="bbox 259 2029 2328 2106; baseline -0.003 -11"><span class='ocrx_word' id='word_1_173' title='bbox 259 2036 406 2095; x_wconf 89' lang='lat' dir='ltr'>dum</span> <span class='ocrx_word' id='word_1_174' title='bbox 438 2042 498 2095; x_wconf 91' lang='lat' dir='ltr'>et</span> <span class='ocrx_word' id='word_1_175' title='bbox 530 2034 901 2094; x_wconf 87' lang='lat' dir='ltr'>laudandum</span> <span class='ocrx_word' id='word_1_176' title='bbox 942 2040 1124 2106; x_wconf 87' lang='lat' dir='ltr'>puto,</span> <span class='ocrx_word' id='word_1_177' title='bbox 1171 2031 1370 2106; x_wconf 92' lang='lat' dir='ltr'>quod,</span> <span class='ocrx_word' id='word_1_178' title='bbox 1421 2048 1608 2105; x_wconf 90' lang='lat' dir='ltr'>quum</span> <span class='ocrx_word' id='word_1_179' title='bbox 1652 2031 1715 2088; x_wconf 90' lang='lat' dir='ltr'>P.</span> <span class='ocrx_word' id='word_1_180' title='bbox 1760 2029 2100 2091; x_wconf 86' lang='lat' dir='ltr'>Scaevolae</span> <span class='ocrx_word' id='word_1_181' title='bbox 2144 2031 2328 2090; x_wconf 83' lang='lat' dir='ltr'>frater</span> 
     </span>
     <span class='ocr_line' id='line_1_23' title="bbox 259 2112 2326 2192; baseline -0.004 -13"><span class='ocrx_word' id='word_1_182' title='bbox 259 2127 456 2192; x_wconf 88' lang='lat' dir='ltr'>esset,</span> <span class='ocrx_word' id='word_1_183' title='bbox 491 2116 708 2179; x_wconf 90' lang='lat' dir='ltr'>solitus</span> <span class='ocrx_word' id='word_1_184' title='bbox 744 2125 840 2177; x_wconf 91' lang='lat' dir='ltr'>est</span> <span class='ocrx_word' id='word_1_185' title='bbox 873 2114 929 2175; x_wconf 92' lang='lat' dir='ltr'>ei</span> <span class='ocrx_word' id='word_1_186' title='bbox 967 2132 1272 2191; x_wconf 87' lang='lat' dir='ltr'>persaepe</span> <span class='ocrx_word' id='word_1_187' title='bbox 1307 2112 1513 2175; x_wconf 88' lang='lat' dir='ltr'>dicere</span> <span class='ocrx_word' id='word_1_188' title='bbox 1546 2130 1749 2189; x_wconf 91' lang='lat' dir='ltr'>neque</span> <span class='ocrx_word' id='word_1_189' title='bbox 1783 2112 1951 2174; x_wconf 90' lang='lat' dir='ltr'>illum</span> <span class='ocrx_word' id='word_1_190' title='bbox 1986 2112 2046 2173; x_wconf 92' lang='lat' dir='ltr'>in</span> <span class='ocrx_word' id='word_1_191' title='bbox 2077 2112 2210 2173; x_wconf 90' lang='lat' dir='ltr'>iure</span> <span class='ocrx_word' id='word_1_192' title='bbox 2245 2112 2326 2171; x_wconf 88' lang='lat' dir='ltr'>ci·</span> 
     </span>
     <span class='ocr_line' id='line_1_24' title="bbox 259 2195 2327 2274; baseline -0.003 -13"><span class='ocrx_word' id='word_1_193' title='bbox 259 2201 367 2263; x_wconf 90' lang='lat' dir='ltr'>vili</span> <span class='ocrx_word' id='word_1_194' title='bbox 403 2202 551 2262; x_wconf 88' lang='lat' dir='ltr'>satis</span> <span class='ocrx_word' id='word_1_195' title='bbox 585 2199 671 2260; x_wconf 90' lang='lat' dir='ltr'>illi</span> <span class='ocrx_word' id='word_1_196' title='bbox 704 2200 816 2260; x_wconf 91' lang='lat' dir='ltr'>arti</span> <span class='ocrx_word' id='word_1_197' title='bbox 850 2201 1054 2259; x_wconf 80' lang='lat' dir='ltr'>facere</span> <span class='ocrx_word' id='word_1_198' title='bbox 1082 2214 1304 2274; x_wconf 89' lang='lat' dir='ltr'>posse,</span> <span class='ocrx_word' id='word_1_199' title='bbox 1351 2197 1470 2259; x_wconf 90' lang='lat' dir='ltr'>nisi</span> <span class='ocrx_word' id='word_1_200' title='bbox 1512 2196 1758 2259; x_wconf 90' lang='lat' dir='ltr'>dicendi</span> <span class='ocrx_word' id='word_1_201' title='bbox 1807 2195 2049 2273; x_wconf 88' lang='lat' dir='ltr'>copiam</span> <span class='ocrx_word' id='word_1_202' title='bbox 2081 2198 2327 2257; x_wconf 90' lang='lat' dir='ltr'>adsum-</span> 
     </span>
     <span class='ocr_line' id='line_1_25' title="bbox 260 2278 2325 2362; baseline -0.003 -16"><span class='ocrx_word' id='word_1_203' title='bbox 260 2284 521 2362; x_wconf 78' lang='lat' dir='ltr'>psisset3</span> <span class='ocrx_word' id='word_1_204' title='bbox 572 2284 740 2359; x_wconf 90' lang='lat' dir='ltr'>quod</span> <span class='ocrx_word' id='word_1_205' title='bbox 787 2282 1031 2359; x_wconf 90' lang='lat' dir='ltr'>quidem</span> <span class='ocrx_word' id='word_1_206' title='bbox 1077 2283 1209 2357; x_wconf 91' lang='lat' dir='ltr'>hic,</span> <span class='ocrx_word' id='word_1_207' title='bbox 1270 2281 1377 2358; x_wconf 92' lang='lat' dir='ltr'>qui</span> <span class='ocrx_word' id='word_1_208' title='bbox 1422 2299 1661 2344; x_wconf 87' lang='lat' dir='ltr'>mecum</span> <span class='ocrx_word' id='word_1_209' title='bbox 1710 2282 1926 2343; x_wconf 86' lang='lat' dir='ltr'>consul</span> <span class='ocrx_word' id='word_1_210' title='bbox 1976 2280 2114 2354; x_wconf 82' lang='lat' dir='ltr'>fuit,</span> <span class='ocrx_word' id='word_1_211' title='bbox 2162 2278 2325 2340; x_wconf 89' lang='lat' dir='ltr'>filius</span> 
     </span>
     <span class='ocr_line' id='line_1_26' title="bbox 261 2364 2327 2442; baseline -0.002 -11"><span class='ocrx_word' id='word_1_212' title='bbox 261 2369 397 2432; x_wconf 89' lang='lat' dir='ltr'>eius</span> <span class='ocrx_word' id='word_1_213' title='bbox 428 2375 523 2429; x_wconf 90' lang='lat' dir='ltr'>est</span> <span class='ocrx_word' id='word_1_214' title='bbox 554 2376 961 2441; x_wconf 85' lang='lat' dir='ltr'>consecutuS,</span> <span class='ocrx_word' id='word_1_215' title='bbox 1007 2383 1212 2442; x_wconf 87' lang='lat' dir='ltr'>neque</span> <span class='ocrx_word' id='word_1_216' title='bbox 1259 2382 1330 2427; x_wconf 92' lang='lat' dir='ltr'>se</span> <span class='ocrx_word' id='word_1_217' title='bbox 1374 2376 1515 2427; x_wconf 89' lang='lat' dir='ltr'>ante</span> <span class='ocrx_word' id='word_1_218' title='bbox 1562 2383 1783 2427; x_wconf 89' lang='lat' dir='ltr'>causas</span> <span class='ocrx_word' id='word_1_219' title='bbox 1834 2364 2168 2427; x_wconf 85' lang='lat' dir='ltr'>amicorum</span> <span class='ocrx_word' id='word_1_220' title='bbox 2211 2373 2327 2426; x_wconf 87' lang='lat' dir='ltr'>tra-</span> 
     </span>
     <span class='ocr_line' id='line_1_27' title="bbox 263 2446 2328 2526; baseline -0.003 -13"><span class='ocrx_word' id='word_1_221' title='bbox 263 2461 430 2513; x_wconf 89' lang='lat' dir='ltr'>ctare</span> <span class='ocrx_word' id='word_1_222' title='bbox 464 2460 651 2526; x_wconf 88' lang='lat' dir='ltr'>atque</span> <span class='ocrx_word' id='word_1_223' title='bbox 685 2467 869 2526; x_wconf 82' lang='lat' dir='ltr'>agere</span> <span class='ocrx_word' id='word_1_224' title='bbox 904 2448 1223 2526; x_wconf 90' lang='lat' dir='ltr'>coepisse,</span> <span class='ocrx_word' id='word_1_225' title='bbox 1256 2467 1439 2525; x_wconf 90' lang='lat' dir='ltr'>quam</span> <span class='ocrx_word' id='word_1_226' title='bbox 1471 2449 1567 2511; x_wconf 92' lang='lat' dir='ltr'>ius</span> <span class='ocrx_word' id='word_1_227' title='bbox 1598 2449 1777 2510; x_wconf 87' lang='lat' dir='ltr'>civile</span> <span class='ocrx_word' id='word_1_228' title='bbox 1808 2448 2146 2510; x_wconf 87' lang='lat' dir='ltr'>didicisset.</span> <span class='ocrx_word' id='word_1_229' title='bbox 2187 2446 2328 2511; x_wconf 92' lang='grc'><strong>171.</strong></span> 
     </span>
     <span class='ocr_line' id='line_1_28' title="bbox 263 2532 2329 2611; baseline -0.003 -13"><span class='ocrx_word' id='word_1_230' title='bbox 263 2533 423 2611; x_wconf 82' lang='lat' dir='ltr'>Quid</span> <span class='ocrx_word' id='word_1_231' title='bbox 453 2551 601 2595; x_wconf 91' lang='lat' dir='ltr'>vero</span> <span class='ocrx_word' id='word_1_232' title='bbox 634 2533 736 2594; x_wconf 88' lang='lat' dir='ltr'>ille</span> <span class='ocrx_word' id='word_1_233' title='bbox 765 2535 847 2593; x_wconf 93' lang='lat' dir='ltr'>M.</span> <span class='ocrx_word' id='word_1_234' title='bbox 882 2534 1072 2595; x_wconf 71' lang='lat' dir='ltr'>Cato?</span> <span class='ocrx_word' id='word_1_235' title='bbox 1105 2550 1308 2594; x_wconf 90' lang='lat' dir='ltr'>nonne</span> <span class='ocrx_word' id='word_1_236' title='bbox 1332 2542 1394 2594; x_wconf 89' lang='lat' dir='ltr'>et</span> <span class='ocrx_word' id='word_1_237' title='bbox 1414 2532 1763 2610; x_wconf 86' lang='lat' dir='ltr'>eloquentia</span> <span class='ocrx_word' id='word_1_238' title='bbox 1785 2540 1951 2594; x_wconf 85' lang='lat' dir='ltr'>tanta</span> <span class='ocrx_word' id='word_1_239' title='bbox 1973 2532 2101 2606; x_wconf 83' lang='lat' dir='ltr'>fuit,</span> <span class='ocrx_word' id='word_1_240' title='bbox 2137 2549 2329 2608; x_wconf 90' lang='lat' dir='ltr'>quan-</span> 
     </span>
     <span class='ocr_line' id='line_1_29' title="bbox 263 2614 2408 2692; baseline -0.003 -11"><span class='ocrx_word' id='word_1_241' title='bbox 263 2629 384 2681; x_wconf 84' lang='lat' dir='ltr'>tam</span> <span class='ocrx_word' id='word_1_242' title='bbox 416 2617 518 2679; x_wconf 88' lang='lat' dir='ltr'>illa</span> <span class='ocrx_word' id='word_1_243' title='bbox 550 2626 826 2692; x_wconf 88' lang='lat' dir='ltr'>tempora</span> <span class='ocrx_word' id='word_1_244' title='bbox 856 2626 1042 2692; x_wconf 90' lang='lat' dir='ltr'>atque</span> <span class='ocrx_word' id='word_1_245' title='bbox 1077 2615 1180 2676; x_wconf 90' lang='lat' dir='ltr'>illa</span> <span class='ocrx_word' id='word_1_246' title='bbox 1211 2624 1382 2677; x_wconf 85' lang='lat' dir='ltr'>aetas</span> <span class='ocrx_word' id='word_1_247' title='bbox 1416 2615 1477 2676; x_wconf 91' lang='lat' dir='ltr'>in</span> <span class='ocrx_word' id='word_1_248' title='bbox 1512 2618 1627 2677; x_wconf 86' lang='lat' dir='ltr'>hac</span> <span class='ocrx_word' id='word_1_249' title='bbox 1663 2616 1907 2678; x_wconf 90' lang='lat' dir='ltr'>civitate</span> <span class='ocrx_word' id='word_1_250' title='bbox 1951 2618 2110 2677; x_wconf 80' lang='lat' dir='ltr'>serre</span> <span class='ocrx_word' id='word_1_251' title='bbox 2140 2614 2329 2676; x_wconf 89' lang='lat' dir='ltr'>maxi·</span> <span class='ocrx_word' id='word_1_252' title='bbox 2405 2655 2408 2656; x_wconf 24' lang='grc' dir='ltr'><em>ν</em></span> 
     </span>
     <span class='ocr_line' id='line_1_30' title="bbox 260 2699 2328 2778; baseline -0.003 -14"><span class='ocrx_word' id='word_1_253' title='bbox 260 2720 421 2764; x_wconf 89' lang='lat' dir='ltr'>mam</span> <span class='ocrx_word' id='word_1_254' title='bbox 449 2701 674 2778; x_wconf 89' lang='lat' dir='ltr'>potuit,</span> <span class='ocrx_word' id='word_1_255' title='bbox 712 2709 774 2762; x_wconf 91' lang='lat' dir='ltr'>et</span> <span class='ocrx_word' id='word_1_256' title='bbox 806 2699 955 2761; x_wconf 88' lang='lat' dir='ltr'>iuris</span> <span class='ocrx_word' id='word_1_257' title='bbox 990 2699 1187 2760; x_wconf 89' lang='lat' dir='ltr'>civilis</span> <span class='ocrx_word' id='word_1_258' title='bbox 1219 2699 1487 2761; x_wconf 89' lang='lat' dir='ltr'>omnium</span> <span class='ocrx_word' id='word_1_259' title='bbox 1511 2700 1961 2776; x_wconf 68' lang='lat' dir='ltr'>peritissimus?</span> <span class='ocrx_word' id='word_1_260' title='bbox 2015 2702 2328 2760; x_wconf 89' lang='lat' dir='ltr'>Verecun-</span> 
     </span>
     <span class='ocr_line' id='line_1_31' title="bbox 263 2780 2329 2859; baseline -0.003 -11"><span class='ocrx_word' id='word_1_261' title='bbox 263 2786 403 2848; x_wconf 88' lang='lat' dir='ltr'>dius</span> <span class='ocrx_word' id='word_1_262' title='bbox 438 2786 554 2846; x_wconf 87' lang='lat' dir='ltr'>hac</span> <span class='ocrx_word' id='word_1_263' title='bbox 589 2786 668 2846; x_wconf 92' lang='lat' dir='ltr'>de</span> <span class='ocrx_word' id='word_1_264' title='bbox 694 2801 763 2845; x_wconf 90' lang='lat' dir='ltr'>re</span> <span class='ocrx_word' id='word_1_265' title='bbox 796 2782 914 2844; x_wconf 91' lang='lat' dir='ltr'>iam</span> <span class='ocrx_word' id='word_1_266' title='bbox 951 2785 1179 2845; x_wconf 91' lang='lat' dir='ltr'>dudum</span> <span class='ocrx_word' id='word_1_267' title='bbox 1214 2786 1455 2859; x_wconf 91' lang='lat' dir='ltr'>loquor,</span> <span class='ocrx_word' id='word_1_268' title='bbox 1495 2785 1664 2858; x_wconf 91' lang='lat' dir='ltr'>quod</span> <span class='ocrx_word' id='word_1_269' title='bbox 1691 2784 1872 2843; x_wconf 90' lang='lat' dir='ltr'>adest</span> <span class='ocrx_word' id='word_1_270' title='bbox 1904 2780 2000 2842; x_wconf 92' lang='lat' dir='ltr'>vir</span> <span class='ocrx_word' id='word_1_271' title='bbox 2031 2782 2093 2842; x_wconf 90' lang='lat' dir='ltr'>in</span> <span class='ocrx_word' id='word_1_272' title='bbox 2125 2781 2329 2842; x_wconf 79' lang='lat' dir='ltr'>dicen-</span> 
     </span>
     <span class='ocr_line' id='line_1_32' title="bbox 262 2863 2333 2943; baseline -0.004 -11"><span class='ocrx_word' id='word_1_273' title='bbox 262 2874 345 2932; x_wconf 90' lang='lat' dir='ltr'>do</span> <span class='ocrx_word' id='word_1_274' title='bbox 388 2886 693 2942; x_wconf 81' lang='lat' dir='ltr'>summuS,</span> <span class='ocrx_word' id='word_1_275' title='bbox 746 2885 929 2943; x_wconf 92' lang='lat' dir='ltr'>quem</span> <span class='ocrx_word' id='word_1_276' title='bbox 976 2884 1092 2943; x_wconf 83' lang='lat' dir='ltr'>ego</span> <span class='ocrx_word' id='word_1_277' title='bbox 1143 2885 1332 2929; x_wconf 91' lang='lat' dir='ltr'>unum</span> <span class='ocrx_word' id='word_1_278' title='bbox 1376 2874 1677 2927; x_wconf 91' lang='lat' dir='ltr'>oratorem</span> <span class='ocrx_word' id='word_1_279' title='bbox 1724 2867 1986 2926; x_wconf 89' lang='lat' dir='ltr'>maxime</span> <span class='ocrx_word' id='word_1_280' title='bbox 2033 2863 2333 2936; x_wconf 81' lang='lat' dir='ltr'>admiror;</span> 
     </span>
     <span class='ocr_line' id='line_1_33' title="bbox 264 2946 2333 3028; baseline -0.003 -14"><span class='ocrx_word' id='word_1_281' title='bbox 264 2955 380 3015; x_wconf 90' lang='lat' dir='ltr'>sed</span> <span class='ocrx_word' id='word_1_282' title='bbox 424 2964 626 3015; x_wconf 87' lang='lat' dir='ltr'>tamen</span> <span class='ocrx_word' id='word_1_283' title='bbox 675 2951 838 3013; x_wconf 92' lang='lat' dir='ltr'>idem</span> <span class='ocrx_word' id='word_1_284' title='bbox 886 2952 1004 3011; x_wconf 88' lang='lat' dir='ltr'>hoc</span> <span class='ocrx_word' id='word_1_285' title='bbox 1054 2969 1300 3026; x_wconf 90' lang='lat' dir='ltr'>semper</span> <span class='ocrx_word' id='word_1_286' title='bbox 1344 2950 1440 3011; x_wconf 91' lang='lat' dir='ltr'>ius</span> <span class='ocrx_word' id='word_1_287' title='bbox 1485 2949 1663 3011; x_wconf 92' lang='lat' dir='ltr'>civile</span> <span class='ocrx_word' id='word_1_288' title='bbox 1712 2949 2098 3028; x_wconf 90' lang='lat' dir='ltr'>contempsit.</span> <span class='ocrx_word' id='word_1_289' title='bbox 2191 2946 2333 3011; x_wconf 82' lang='lat'><strong>172.</strong></span> 
     </span>
     <span class='ocr_line' id='line_1_34' title="bbox 265 3033 2334 3113; baseline -0.003 -16"><span class='ocrx_word' id='word_1_290' title='bbox 265 3039 524 3109; x_wconf 91' lang='lat' dir='ltr'>Verum,</span> <span class='ocrx_word' id='word_1_291' title='bbox 559 3034 848 3113; x_wconf 88' lang='lat' dir='ltr'>quoniam</span> <span class='ocrx_word' id='word_1_292' title='bbox 881 3035 1219 3096; x_wconf 88' lang='lat' dir='ltr'>sententiae</span> <span class='ocrx_word' id='word_1_293' title='bbox 1263 3043 1449 3110; x_wconf 89' lang='lat' dir='ltr'>atque</span> <span class='ocrx_word' id='word_1_294' title='bbox 1497 3033 1805 3111; x_wconf 89' lang='lat' dir='ltr'>opinionis</span> <span class='ocrx_word' id='word_1_295' title='bbox 1842 3053 2017 3096; x_wconf 90' lang='lat' dir='ltr'>meae</span> <span class='ocrx_word' id='word_1_296' title='bbox 2051 3034 2334 3095; x_wconf 79' lang='lat' dir='ltr'>voluistis</span> 
     </span>
     <span class='ocr_line' id='line_1_35' title="bbox 265 3117 2330 3196; baseline -0.003 -14"><span class='ocrx_word' id='word_1_297' title='bbox 265 3138 411 3182; x_wconf 89' lang='lat' dir='ltr'>esse</span> <span class='ocrx_word' id='word_1_298' title='bbox 445 3119 810 3196; x_wconf 78' lang='lat' dir='ltr'>participeS,</span> <span class='ocrx_word' id='word_1_299' title='bbox 845 3118 990 3178; x_wconf 89' lang='lat' dir='ltr'>nihil</span> <span class='ocrx_word' id='word_1_300' title='bbox 1024 3118 1346 3180; x_wconf 83' lang='lat' dir='ltr'>occultabo</span> <span class='ocrx_word' id='word_1_301' title='bbox 1382 3127 1459 3191; x_wconf 91' lang='lat' dir='ltr'>et,</span> <span class='ocrx_word' id='word_1_302' title='bbox 1498 3120 1703 3194; x_wconf 90' lang='lat' dir='ltr'>quoad</span> <span class='ocrx_word' id='word_1_303' title='bbox 1740 3129 1977 3195; x_wconf 89' lang='lat' dir='ltr'>potero,</span> <span class='ocrx_word' id='word_1_304' title='bbox 2016 3117 2196 3179; x_wconf 87' lang='lat' dir='ltr'>vobis</span> <span class='ocrx_word' id='word_1_305' title='bbox 2230 3133 2330 3176; x_wconf 82' lang='lat' dir='ltr'>ex·</span> 
     </span>
     <span class='ocr_line' id='line_1_36' title="bbox 269 3201 1517 3280; baseline -0.006 -12"><span class='ocrx_word' id='word_1_306' title='bbox 269 3219 524 3280; x_wconf 76' lang='lat' dir='ltr'>ponam,</span> <span class='ocrx_word' id='word_1_307' title='bbox 572 3202 709 3279; x_wconf 57' lang='lat' dir='ltr'>quid</span> <span class='ocrx_word' id='word_1_308' title='bbox 746 3204 823 3263; x_wconf 92' lang='lat' dir='ltr'>de</span> <span class='ocrx_word' id='word_1_309' title='bbox 859 3219 1104 3277; x_wconf 90' lang='lat' dir='ltr'>quaque</span> <span class='ocrx_word' id='word_1_310' title='bbox 1140 3219 1207 3262; x_wconf 89' lang='lat' dir='ltr'>re</span> <span class='ocrx_word' id='word_1_311' title='bbox 1241 3201 1517 3263; x_wconf 91' lang='lat' dir='ltr'>sentiam.</span> 
     </span>
    </p>

    <p class='ocr_par' dir='ltr' id='par_1_4' title="bbox 266 3281 2341 3527">
     <span class='ocr_line' id='line_1_37' title="bbox 433 3281 2338 3361; baseline -0.003 -12"><span class='ocrx_word' id='word_1_312' title='bbox 433 3288 753 3349; x_wconf 75' lang='lat' dir='ltr'>XXXVIII.</span> <span class='ocrx_word' id='word_1_313' title='bbox 795 3285 1045 3347; x_wconf 91' lang='lat' dir='ltr'>Antonii</span> <span class='ocrx_word' id='word_1_314' title='bbox 1080 3285 1454 3347; x_wconf 88' lang='lat' dir='ltr'>incredibilis</span> <span class='ocrx_word' id='word_1_315' title='bbox 1493 3287 1793 3360; x_wconf 86' lang='lat' dir='ltr'>quaedam</span> <span class='ocrx_word' id='word_1_316' title='bbox 1818 3295 1879 3346; x_wconf 88' lang='lat' dir='ltr'>et</span> <span class='ocrx_word' id='word_1_317' title='bbox 1901 3300 2098 3361; x_wconf 91' lang='lat' dir='ltr'>prope</span> <span class='ocrx_word' id='word_1_318' title='bbox 2133 3281 2338 3360; x_wconf 82' lang='lat' dir='ltr'>singu·</span> 
     </span>
     <span class='ocr_line' id='line_1_38' title="bbox 266 3366 2341 3444; baseline -0 -13"><span class='ocrx_word' id='word_1_319' title='bbox 266 3369 412 3432; x_wconf 88' lang='lat' dir='ltr'>laris</span> <span class='ocrx_word' id='word_1_320' title='bbox 448 3381 509 3434; x_wconf 88' lang='lat' dir='ltr'>et</span> <span class='ocrx_word' id='word_1_321' title='bbox 542 3370 751 3432; x_wconf 87' lang='lat' dir='ltr'>divina</span> <span class='ocrx_word' id='word_1_322' title='bbox 782 3369 879 3430; x_wconf 88' lang='lat' dir='ltr'>vis</span> <span class='ocrx_word' id='word_1_323' title='bbox 914 3368 1141 3444; x_wconf 85' lang='lat' dir='ltr'>ingenii</span> <span class='ocrx_word' id='word_1_324' title='bbox 1173 3369 1443 3442; x_wconf 87' lang='lat' dir='ltr'>videtur,</span> <span class='ocrx_word' id='word_1_325' title='bbox 1479 3368 1715 3430; x_wconf 85' lang='lat' dir='ltr'>etiamsi</span> <span class='ocrx_word' id='word_1_326' title='bbox 1751 3369 1867 3428; x_wconf 87' lang='lat' dir='ltr'>hac</span> <span class='ocrx_word' id='word_1_327' title='bbox 1906 3366 2165 3429; x_wconf 90' lang='lat' dir='ltr'>scientia</span> <span class='ocrx_word' id='word_1_328' title='bbox 2189 3367 2341 3430; x_wconf 89' lang='lat' dir='ltr'>iuris</span> 
     </span>
     <span class='ocr_line' id='line_1_39' title="bbox 268 3447 2338 3527; baseline -0 -12"><span class='ocrx_word' id='word_1_329' title='bbox 268 3455 498 3515; x_wconf 84' lang='lat' dir='ltr'>nudata</span> <span class='ocrx_word' id='word_1_330' title='bbox 533 3454 628 3520; x_wconf 79' lang='lat' dir='ltr'>sit,</span> <span class='ocrx_word' id='word_1_331' title='bbox 663 3470 854 3527; x_wconf 89' lang='lat' dir='ltr'>posse</span> <span class='ocrx_word' id='word_1_332' title='bbox 879 3471 948 3514; x_wconf 90' lang='lat' dir='ltr'>se</span> <span class='ocrx_word' id='word_1_333' title='bbox 970 3453 1145 3514; x_wconf 76' lang='lat' dir='ltr'>facile</span> <span class='ocrx_word' id='word_1_334' title='bbox 1170 3453 1431 3514; x_wconf 87' lang='lat' dir='ltr'>caeteris</span> <span class='ocrx_word' id='word_1_335' title='bbox 1461 3452 1645 3512; x_wconf 90' lang='lat' dir='ltr'>armis</span> <span class='ocrx_word' id='word_1_336' title='bbox 1679 3447 2040 3527; x_wconf 83' lang='lat' dir='ltr'>prudentiae</span> <span class='ocrx_word' id='word_1_337' title='bbox 2076 3452 2230 3514; x_wconf 88' lang='lat' dir='ltr'>tueri</span> <span class='ocrx_word' id='word_1_338' title='bbox 2259 3463 2338 3514; x_wconf 88' lang='lat' dir='ltr'>at-</span> 
     </span>
    </p>

    <p class='ocr_par' dir='ltr' id='par_1_5' title="bbox 1856 3537 1932 3594">
     <span class='ocr_line' id='line_1_40' title="bbox 1856 3537 1932 3594; baseline 0 -23"><span class='ocrx_word' id='word_1_339' title='bbox 1856 3537 1932 3594; x_wconf 72' lang='lat'>3*</span> 
     </span>
    </p>
   </div>
  </div>
 </body>
</html>
