2622 3908
328 219 412 284 58
1122 221 1222 280 DE
1260 219 1622 281 ORATORE

331 389 451 449 que
482 382 681 434 tamen
719 387 939 446 magna
967 383 1138 446 sunt,
1168 388 1432 432 necesse
1462 378 1558 433 est
1586 389 1657 433 ea
1696 370 1865 447 ipsa,
1895 388 2054 447 quae
2085 383 2256 446 sunt,
2289 372 2389 433 mi·

330 455 541 516 rabilia
577 454 790 516 videri.

494 538 638 600 260.
678 540 870 613 Ergo,
920 545 983 598 ut
1021 539 1101 598 ad
1129 536 1392 614 primum
1421 537 1572 598 illud
1599 546 1901 612 revertar,
1947 536 2026 599 sit
2053 547 2262 599 orator
2288 555 2395 602 no-

328 620 424 684 bis
454 620 541 696 is,
587 622 723 698 qui,
765 629 831 682 ut
859 622 1120 683 Crassus
1151 619 1514 696 descripsit,
1543 622 2006 682 accommodate
2034 622 2114 682 ad
2144 637 2398 696 persua-

329 706 596 767 dendum
628 703 828 781 possit
856 705 1080 766 dicere.
1136 706 1196 765 Is
1219 714 1422 766 autem
1444 705 1844 767 concludatur
1863 703 1925 765 in
1950 722 2041 775 ea,
2076 721 2235 780 quae
2257 715 2396 767 sunt

327 790 389 849 in
418 806 539 850 usu
567 787 874 851 civitatum
906 786 1137 863 vulgari
1165 804 1239 847 ac
1270 787 1528 860 forensi,
1573 788 1953 864 remotisque
1983 788 2241 849 caeteris
2272 797 2395 850 stu-

327 871 478 946 diis,
527 871 808 948 quamvis
852 889 928 933 ea
973 871 1095 932 sint
1135 873 1341 945 ampla
1382 879 1568 944 atque
1609 873 1961 946 praeclara,
2007 872 2067 931 in
2109 871 2228 931 hoc
2272 889 2395 933 uno

328 972 549 1032 opere,
592 964 660 1016 ut
686 955 770 1016 ita
799 954 1028 1029 dicam,
1072 962 1286 1015 noctes
1317 962 1379 1015 et
1407 953 1539 1014 dies
1569 962 1885 1031 urgeatur3
1917 954 2299 1030 imiteturque
2327 954 2397 1015 il-

326 1041 469 1112 lum,
502 1038 601 1100 cui
631 1037 764 1099 sine
793 1037 979 1099 dubio
1013 1054 1249 1100 summa
1274 1035 1371 1097 vis
1396 1036 1640 1098 dicendi
1664 1037 2035 1111 conceditur,
2065 1036 2396 1099 Athenien-

329 1139 461 1183 sem
489 1122 1003 1195 Demosthenem,
1038 1121 1100 1181 in
1131 1138 1254 1197 quo
1286 1130 1517 1182 tantum
1550 1121 1816 1183 studium
1846 1121 2040 1183 fuisse
2068 1130 2397 1197 tantusque

327 1207 502 1268 labor
545 1204 793 1280 dicitur,
837 1214 904 1266 ut
933 1204 1192 1281 primum
1220 1203 1657 1280 impedimenta
1685 1198 1939 1267 naturae
1969 1204 2281 1282 diligentia
2306 1206 2390 1265 in-

328 1290 687 1364 dustriaque
717 1298 1066 1365 superaret3
1099 1306 1412 1364 quumque
1435 1288 1517 1351 ita
1539 1290 1759 1350 balbus
1784 1298 1970 1364 esset,
1998 1298 2066 1350 ut
2090 1288 2222 1349 eius
2247 1288 2389 1365 ipsi·

327 1391 402 1433 us
443 1372 622 1446 artiS,
665 1371 766 1433 cui
809 1374 1108 1444 studeret,
1155 1374 1414 1448 primam
1448 1372 1707 1434 litteram
1746 1389 1869 1434 non
1913 1381 2131 1448 posset
2172 1372 2393 1436 dicere.

327 1455 583 1531 perfecit
611 1454 992 1526 meditando,
1035 1464 1101 1516 ut
1128 1473 1306 1517 nemo
1338 1455 1581 1531 planius
1612 1473 1756 1517 esse
1785 1458 2027 1517 locutus
2056 1465 2394 1532 putaretur,

324 1537 469 1599 261.
502 1536 724 1598 deinde
757 1555 943 1614 quum
973 1537 1224 1614 spiritus
1256 1538 1391 1599 eius
1423 1547 1592 1600 esset
1619 1539 1964 1615 angustior,
1995 1548 2224 1601 tantum
2250 1556 2394 1600 con-

327 1621 578 1683 tinenda
605 1620 808 1682 anima
835 1620 895 1681 in
920 1622 1182 1683 dicendo
1209 1630 1306 1683 est
1326 1622 1677 1696 adsecutuS,
1709 1632 1777 1683 ut
1796 1640 1921 1684 una
1941 1622 2396 1685 continuatione

326 1706 686 1780 verborum,
729 1704 795 1766 id
838 1706 1006 1780 quod
1041 1706 1174 1766 eius
1205 1703 1437 1781 scripta
1466 1707 1809 1783 declarant,
1851 1705 2032 1768 binae
2061 1706 2118 1767 ei
2149 1716 2391 1768 conten-

325 1789 526 1851 tiones
555 1788 731 1850 vocis
762 1797 823 1850 et
847 1788 1246 1850 remissiones
1278 1789 1762 1862 continerentur3
1805 1790 1912 1866 qui
1941 1790 2151 1866 etiam,
2179 1798 2246 1851 ut
2271 1807 2393 1851 me·

327 1871 559 1935 moriae
588 1872 898 1949 proditum
936 1882 1061 1945 est,
1105 1872 1401 1935 coniectis
1445 1875 1506 1934 in
1544 1891 1615 1935 os
1646 1874 1931 1949 calculiS,
1976 1892 2212 1936 summa
2238 1890 2395 1935 voce

332 1975 547 2019 versus
577 1960 801 2020 multos
831 1975 955 2019 uno
986 1957 1205 2035 spiritu
1233 1960 1634 2034 pronuntiare
1676 1961 2160 2030 consuescebat3
2192 1975 2396 2034 neque

319 2039 385 2103 is
429 2041 778 2104 consistens
821 2041 882 2103 in
914 2044 1085 2117 loco,
1129 2044 1242 2103 sed
1271 2043 1655 2103 inambulans
1685 2052 1873 2118 atque
1900 2058 2167 2104 ascensu
2197 2043 2394 2118 ingre-

328 2126 503 2189 diens
547 2128 762 2186 arduo.
843 2125 986 2187 262.
1031 2124 1218 2185 Hisce
1256 2141 1374 2198 ego
1420 2125 1973 2196 cohortationibus,
2020 2126 2270 2196 Crasse,
2316 2126 2396 2185 ad

331 2208 597 2270 studium
626 2216 688 2268 et
711 2209 791 2267 ad
814 2208 1086 2267 laborem
1106 2205 1456 2266 incitandos
1477 2206 1734 2266 iuvenes
1758 2207 2151 2268 vehementer
2171 2209 2396 2269 adsen-

328 2291 472 2362 tior;
518 2298 787 2361 caetera,
836 2306 995 2364 quae
1040 2288 1342 2363 collegisti
1380 2305 1458 2348 ex
1489 2288 1674 2348 variis
1704 2298 1765 2350 et
1792 2287 2054 2349 diversis
2084 2289 2304 2351 studiis
2336 2301 2396 2353 et

327 2373 589 2447 artibuS,
632 2371 871 2432 tametsi
900 2371 1038 2447 ipse
1068 2388 1138 2431 es
1170 2370 1376 2431 omnia
1404 2381 1808 2449 consecutus,
1849 2381 2049 2434 tamen
2083 2374 2161 2433 ab
2191 2382 2394 2434 orato-

308 2456 410 2519 ris
452 2454 705 2532 proprio
739 2454 944 2516 officio
975 2463 1161 2530 atque
1190 2472 1443 2516 munere
1472 2454 1749 2518 seiuncta
1776 2473 1918 2517 esse
1948 2456 2225 2519 arbitror.

491 2539 667 2599 LXII.
710 2540 877 2599 Haec
923 2557 1110 2614 quum
1135 2538 1441 2600 Antonius
1471 2539 1761 2615 dixisset,
1808 2558 1959 2602 sane
2001 2540 2277 2604 dubitare
2303 2539 2395 2601 vi-

328 2640 436 2684 sus
468 2631 565 2683 est
595 2620 906 2697 Sulpicius
938 2631 999 2684 et
1029 2623 1219 2697 Cotta,
1248 2623 1444 2684 utrius
1476 2623 1668 2685 oratio
1697 2623 1953 2701 propius
1979 2626 2059 2686 ad
2082 2624 2394 2687 veritatem

327 2705 636 2768 videretur
678 2707 996 2767 accedere.
1083 2706 1227 2768 263.
1272 2707 1423 2768 Tum
1468 2708 1761 2768 Crassus=
1814 2708 2173 2784 Operarium
2213 2709 2396 2769 nobis

326 2790 683 2867 quemdam,
719 2788 981 2864 Antoni,
1026 2799 1331 2852 oratorem
1362 2789 1514 2850 facis
1542 2800 1728 2866 atque
1756 2792 1922 2852 haud
1952 2793 2083 2854 scio
2113 2809 2191 2851 an
2220 2792 2398 2852 aliter

325 2876 556 2935 sentias
586 2882 648 2935 et
674 2881 848 2934 utare
870 2882 974 2934 tua
995 2872 1098 2933 illa
1123 2872 1379 2934 mirifica
1401 2873 1481 2933 ad
1502 2875 1904 2935 refellendum
1927 2874 2395 2951 consuetudine,

325 2974 448 3033 qua
475 2955 583 3018 tibi
611 2972 790 3016 nemo
822 2973 1110 3032 umquam
1140 2956 1469 3031 praestitit;
1502 2957 1676 3018 cuius
1709 2957 1954 3034 quidem
1984 2957 2181 3033 ipsius
2205 2960 2388 3020 sacul-

324 3039 462 3103 tatis
491 3038 847 3101 exercitatio
881 3048 1191 3100 oratorum
1214 3040 1466 3115 propria
1487 3050 1600 3116 est,
1630 3042 1744 3103 sed
1764 3040 1885 3102 iam
1905 3040 1966 3102 in
1991 3042 2393 3119 philosopho-

324 3143 456 3186 rum
486 3121 934 3185 consuetudine
962 3132 1245 3184 versatur
1274 3123 1662 3201 maximeque
1691 3142 1933 3199 eorum,
1982 3126 2086 3202 qui
2121 3128 2199 3187 de
2228 3124 2394 3188 omni

322 3226 389 3269 re
420 3206 740 3284 proposita
769 3205 830 3266 in
860 3215 1181 3282 utramque
1210 3217 1445 3282 partem
1475 3211 1675 3270 solent
1704 3207 2137 3284 copiosissime
2165 3209 2392 3272 dicere.

322 3291 465 3352 ⁶264.
490 3294 720 3353 Verum
745 3306 862 3366 ego
886 3307 1008 3352 non
1034 3294 1234 3351 solum
1256 3290 1609 3366 arbitrabar,
1638 3291 1734 3352 his
1756 3293 2117 3368 praesertim
2139 3293 2391 3355 audien-

325 3375 515 3443 tibus,
558 3392 595 3434 a
637 3391 735 3434 me
776 3373 1088 3435 informari
1132 3384 1447 3450 oportere,
1491 3375 1693 3451 qualis
1729 3393 1872 3438 esse
1900 3387 2119 3452 posset
2147 3377 2231 3452 is,
2286 3375 2386 3453 qui

325 3455 620 3517 habitaret
675 3456 734 3516 in
795 3457 1104 3520 subselliis
1161 3475 1364 3533 neque
1422 3458 1755 3535 quidquam
1797 3461 2060 3538 amplius
2105 3462 2385 3526 adferret.
