2622 3908
332 246 447 309 146
1104 243 1207 304 DE
1251 243 1614 305 ORATORE

326 398 547 459 dictam
594 407 656 458 et
702 398 1015 471 eumdem,
1062 396 1125 457 id
1176 397 1346 473 quod
1385 396 1447 455 in
1491 395 1954 457 auctoritatibus
1998 395 2398 472 praescriptis

325 486 554 555 exstat,
587 480 914 542 scribendo
950 481 1244 541 adfuisse.
1307 481 1367 541 6.
1411 482 1520 540 Illa
1562 489 1868 556 tamquam
1900 496 2136 557 cycnea
2170 479 2283 541 fuit
2310 481 2394 542 di·

327 564 449 625 vini
492 563 757 625 hominis
807 581 931 625 vox
978 574 1041 625 et
1080 564 1305 638 oratio,
1356 581 1537 639 quam
1572 563 1750 639 quasi
1785 572 2219 639 exspectantes
2254 575 2396 640 post

326 648 459 711 eius
511 647 814 709 interitum
865 647 1262 709 veniebamus
1320 646 1380 706 in
1439 647 1721 729 curiam,
1757 657 1824 709 ut
1871 647 2198 724 vestigium
2247 648 2396 709 illud

324 750 547 808 ipsum,
577 732 638 792 in
670 749 794 809 quo
825 733 926 793 illc
951 740 1327 808 postremum
1349 731 1688 804 institisset,
1720 740 2164 794 contueremur.
2219 733 2396 792 Nam-

328 833 449 892 que
492 826 619 877 tum
663 819 822 878 latus
868 815 926 876 ei
978 815 1202 876 dicenti
1245 815 1644 876 condoluisse
1686 818 2102 891 sudoremque
2147 818 2398 876 multum

327 909 728 962 consecutum
773 915 916 961 esse
960 898 1392 970 audiebamus3
1434 916 1515 959 ex
1560 917 1682 975 quo
1729 918 1916 975 quum
1962 899 2398 975 cohorruisset,

329 1001 469 1045 cum
514 983 667 1045 febri
712 983 961 1044 domum
1004 983 1185 1043 rediit
1213 983 1441 1058 dieque
1475 982 1738 1058 septimo
1771 983 1977 1044 lateris
2008 984 2221 1044 dolore
2253 1001 2399 1045 con-

329 1078 611 1143 sumptus
641 1076 754 1128 est.
819 1065 879 1130 7.
925 1067 971 1127 Ο
1004 1068 1282 1128 fallacem
1313 1065 1626 1128 hominum
1653 1083 1829 1142 spem
1852 1068 2253 1143 fragilemque
2277 1070 2399 1128 sor-

329 1162 534 1214 tunam
562 1159 623 1212 et
652 1150 865 1211 inanes
894 1159 1141 1212 nostras
1174 1149 1630 1212 contentiones!
1676 1168 1836 1225 quae
1868 1153 1927 1211 in
1961 1150 2164 1212 medio
2196 1152 2401 1227 spatio

329 1253 519 1312 saepe
552 1237 908 1311 franguntur
932 1243 993 1297 et
1027 1244 1318 1296 corruunt
1350 1243 1455 1296 aut
1486 1242 1627 1295 ante
1655 1234 1717 1294 in
1746 1234 1885 1310 ipso
1918 1251 2103 1296 cursu
2133 1236 2401 1296 obruun-

330 1329 453 1395 tur,
513 1337 693 1395 quam
752 1326 996 1395 portum
1045 1319 1408 1394 conspicere
1459 1325 1808 1394 potuerunt.
1909 1320 2058 1379 Nam
2108 1320 2404 1395 quamdiu

330 1403 535 1465 Crassi
580 1403 688 1463 fuit
723 1402 1069 1464 ambitionis
1116 1404 1326 1464 labore
1370 1402 1495 1463 vita
1536 1401 1842 1478 districta,
1887 1402 2115 1464 tamdiu
2145 1401 2402 1478 privatis

329 1486 522 1561 magis
567 1486 791 1546 officiis
823 1495 885 1546 et
917 1485 1143 1560 ingenii
1174 1487 1355 1546 laude
1385 1485 1591 1547 floruit
1620 1504 1805 1562 quam
1833 1488 2029 1547 fructu
2057 1485 2402 1562 amplitudi-

330 1569 426 1630 nis
470 1577 573 1629 aut
614 1568 703 1628 rei
746 1569 1028 1644 publicae
1068 1568 1378 1644 dignitate.
1453 1570 1564 1643 Qui
1606 1579 1810 1633 autem
1847 1587 2045 1631 annus
2076 1569 2133 1630 ei
2164 1570 2403 1646 primus

331 1654 406 1714 ab
437 1653 740 1714 honorum
776 1653 1204 1728 perfunctione
1239 1652 1469 1713 aditum
1504 1654 1773 1715 omnium
1801 1671 2111 1715 concessu
2131 1655 2212 1714 ad
2236 1672 2402 1715 sum·

333 1753 490 1798 niam
521 1735 940 1798 auctoritatem
971 1738 1183 1811 dabat,
1219 1736 1273 1796 is
1319 1736 1453 1798 eius
1499 1755 1740 1799 omnem
1772 1754 1946 1814 spem
1975 1744 2160 1812 atque
2196 1739 2406 1799 omnia

273 1856 288 1862 ·
335 1821 492 1881 vitae
523 1820 781 1882 consilia
814 1830 1008 1883 morte
1040 1821 1348 1897 pervertit.
1405 1821 1465 1883 8.
1508 1821 1647 1885 Fuit
1689 1822 1809 1882 hoc
1856 1823 2203 1883 luctuosum
2249 1821 2405 1898 suiS,

332 1906 619 1967 acerbum
657 1903 917 1982 patriae,
950 1922 1137 1982 grave
1166 1905 1347 1966 bonis
1380 1905 1694 1978 omnibus;
1729 1907 1842 1968 sed
1871 1905 1911 1966 ii
1940 1914 2140 1967 tamen
2169 1905 2258 1967 rei
2290 1925 2403 1982 pu-

331 1989 528 2051 blicae
560 2007 743 2051 casus
775 1990 971 2051 secuti
1001 2000 1172 2064 sunt,
1215 1999 1281 2051 ut
1315 1989 1460 2049 mihi
1488 2008 1608 2052 non
1642 2000 1854 2066 erepta
1879 1992 1946 2050 L.
1979 1991 2204 2052 Crasso
2235 2008 2275 2050 a
2306 1991 2418 2051 dis

330 2073 773 2135 immortalibus
810 2073 962 2148 vita,
1011 2076 1123 2135 sed
1154 2074 1381 2134 donata
1411 2091 1575 2135 mors
1606 2091 1749 2135 esse
1777 2074 2077 2136 videatur.
2147 2076 2285 2134 Non
2318 2074 2406 2134 vi-

329 2157 420 2217 dit
449 2157 805 2233 flagrantem
837 2158 997 2219 bello
1028 2157 1289 2230 Italiam,
1335 2174 1456 2217 non
1501 2159 1816 2219 ardentem
1844 2158 2076 2219 invidia
2105 2167 2409 2235 senatum,

336 2258 456 2301 non
511 2239 765 2301 sceleris
817 2240 1030 2300 nefarii
1076 2240 1388 2316 principes
1439 2240 1699 2302 civitatis
1750 2259 1927 2318 reOS,
1991 2259 2115 2303 non
2171 2246 2409 2305 luctum

335 2324 523 2396 filiae,
570 2341 704 2394 non⁴
737 2322 1022 2384 exsilium
1065 2323 1304 2398 generi,
1346 2340 1469 2384 non
1512 2325 1970 2387 acerbissimam
2002 2327 2064 2386 C.
2093 2326 2271 2386 Marii
2313 2328 2410 2387 su-

333 2425 503 2484 gam,
533 2424 657 2468 non
691 2406 854 2466 illam
884 2417 1031 2482 post
1056 2406 1318 2468 reditum
1349 2406 1483 2468 eius
1516 2412 1767 2471 caedem
1802 2410 2069 2471 omnium
2105 2411 2411 2471 crudelis-

339 2491 580 2564 simam,
619 2505 743 2550 non
783 2490 1053 2566 denique
1095 2490 1156 2551 in
1203 2491 1370 2551 omni
1405 2509 1631 2568 genere
1662 2495 2060 2555 deformatam
2090 2511 2226 2554 eam
2254 2492 2413 2555 civi·

336 2583 550 2648 tatem,
611 2574 672 2634 in
726 2591 850 2649 qua
898 2574 1034 2651 ipsc
1083 2574 1521 2637 florentissima
1568 2581 1819 2640 multum
1874 2576 2157 2640 omnibus
2210 2577 2412 2653 gloria

338 2657 763 2734 praestitisset.

503 2743 600 2804 111.
645 2742 705 2804 9.
749 2743 824 2804 Et
861 2742 1146 2819 quoniam
1183 2744 1353 2820 attigi
1383 2744 1750 2820 cogitatione
1779 2745 1902 2804 vim
1923 2744 2414 2819 varietatemque

327 2823 647 2901 fortunae,
691 2844 814 2889 non
860 2829 1176 2901 vagabitur
1218 2828 1411 2890 oratio
1458 2845 1596 2888 mea
1634 2829 1877 2904 longius
1919 2837 2107 2904 atque
2146 2827 2240 2888 eis
2279 2830 2414 2888 sere

334 2912 488 2986 ipsis
523 2912 845 2972 definietur
873 2910 1052 2983 viris,
1089 2912 1193 2987 qui
1221 2912 1340 2973 hoc
1371 2929 1684 2985 sermone,
1718 2929 1900 2988 quem
1930 2914 2161 2973 referre
2193 2928 2412 2972 susce-

333 2993 567 3071 pimuS,
613 2994 1014 3055 continentur.
1086 2995 1233 3069 Quis
1278 2995 1439 3055 enim
1481 3014 1605 3057 non
1656 2996 1787 3056 iure
1822 2997 2063 3057 beatam
2097 2997 2164 3056 L.
2198 2994 2413 3056 Crassi

335 3088 590 3140 mortem
620 3077 803 3153 illam,
838 3096 997 3154 quae
1027 3088 1122 3141 est
1155 3097 1192 3139 a
1221 3079 1422 3142 multis
1451 3097 1640 3156 saepe
1669 3080 1913 3151 defleta,
1945 3078 2184 3152 dixerit,
2219 3098 2415 3155 quum

333 3164 548 3224 horum
582 3161 856 3239 ipsorum
894 3162 999 3235 sit,
1047 3162 1152 3238 qui
1184 3172 1305 3224 tum
1341 3181 1478 3224 cum
1509 3163 1613 3224 illo
1645 3173 2019 3239 postremum
2051 3165 2180 3224 fere
2217 3166 2413 3226 collo·

335 3248 459 3310 cuti
493 3256 665 3321 sunt,
708 3256 992 3308 eventum
1024 3248 1429 3308 recordatus?
1486 3248 1786 3310 Tenemus
1818 3247 1982 3308 enim
2011 3248 2310 3309 memoria
2342 3248 2415 3323 Ω.

337 3332 641 3404 Catulum,
681 3331 878 3392 virum
915 3330 1079 3392 omni
1107 3332 1288 3391 laude
1322 3340 1760 3407 praestantem,
1792 3351 1981 3408 quum
2012 3332 2128 3393 sibi
2164 3349 2291 3393 non
2323 3332 2414 3392 in-

337 3419 640 3475 columem
691 3415 1023 3487 fortunam,
1080 3417 1193 3475 sed
1242 3414 1527 3475 exsilium
1580 3425 1641 3477 et
1692 3418 1896 3491 sugam
1949 3417 2416 3492 deprecaretur,

337 3513 481 3557 esse
513 3506 823 3563 coactum,
869 3508 935 3560 ut
961 3498 1086 3559 vita
1117 3515 1184 3559 se
1216 3499 1359 3573 ipse,
1381 3498 1666 3574 privaret.
1741 3500 1840 3562 10.
1884 3503 2008 3560 Iam
2044 3501 2121 3559 Μ.
2158 3500 2414 3562 Antonii
