2622 3908
664 267 808 326 LIB.
833 268 876 328 Ι.
923 266 1086 327 ΟΑΡ.
1109 275 1353 329 51-53,
1398 273 1451 334 §-
1476 275 1790 329 221——229.
2189 265 2274 328 49

200 429 339 497 gant
368 417 653 479 accidere
682 437 907 495 posse=
968 419 1277 481 servire
1318 437 1470 481 vero
1500 437 1624 481 non
1655 421 1840 481 modo
1873 429 1965 494 te,
1997 419 2111 480 sed
2140 418 2272 480 uni-

205 519 443 564 versum
488 511 797 579 senatum,
856 502 1032 566 cuius
1072 511 1198 565 tum
1240 520 1492 564 causam
1534 504 1795 579 agebaS,
1838 520 2031 564 ausus
2073 520 2143 564 es
2185 504 2273 563 di-

197 594 381 650 cere?
447 585 592 649 226.
634 588 921 650 Potestne
950 589 1164 662 virtus,
1196 588 1436 661 Crasse,
1470 586 1704 648 servire
1732 586 1868 649 istis
1897 586 2275 663 auctoribuS,

196 688 454 748 quorum
485 679 550 732 tu
579 681 913 748 praecepta
955 670 1216 734 oratoris
1260 673 1547 733 facultate
1588 671 2059 746 complecteris?
2116 688 2275 748 quae

197 764 258 817 et
279 771 524 830 semper
562 763 621 817 et
651 758 786 816 sola
813 757 1005 818 libera
1027 764 1125 817 est
1154 771 1470 832 quaeque,
1513 754 1754 818 etiamsi
1797 771 2062 830 corpora
2095 764 2277 830 capta

197 839 315 900 sint
343 837 529 905 armis
560 848 663 901 aut
692 839 1020 903 constricta
1049 838 1309 901 vinculis
1326 886 1342 915 ,
1372 848 1573 901 tamen
1605 856 1785 901 suum
1812 837 1909 899 ius
1941 847 2125 913 atque
2147 855 2273 899 om-

197 922 360 984 nium
389 939 591 984 rerum
620 922 978 1000 impunitam
1008 923 1349 986 libertatem
1377 933 1587 986 tenere
1617 924 1859 993 debeat.
1926 923 2095 998 Quae
2123 939 2273 983 vero

200 1006 525 1082 addidisti,
566 1024 688 1068 non
729 1011 915 1070 modo
960 1017 1239 1070 senatum
1281 1007 1518 1069 servire
1559 1025 1805 1084 posse
1847 1007 2114 1084 popu10,
2162 1007 2275 1067 sed

198 1091 376 1152 etiam
406 1091 725 1167 debere,
769 1093 910 1168 quis
939 1093 1059 1152 hoc
1086 1091 1499 1167 philosophus
1540 1100 1664 1153 tam
1705 1093 1937 1167 mollis,
1980 1098 2103 1151 tam
2146 1093 2273 1150 lan·

198 1174 450 1252 guiduS,
478 1183 600 1236 tam
641 1185 1000 1249 enervatuS‚
1041 1184 1162 1237 tam
1208 1175 1414 1236 omnia
1452 1176 1534 1236 ad
1571 1177 1951 1251 voluptatem
1992 1174 2276 1251 corporis

100 1255 108 1263 '
198 1259 598 1334 doloremque
638 1260 916 1320 referens
958 1260 1224 1335 probare
1273 1267 1523 1334 posset,
1568 1268 1850 1320 senatum
1893 1257 2130 1320 servire
2160 1275 2273 1334 po-

198 1344 374 1419 pu10,
404 1342 503 1403 cui
529 1345 801 1419 populus
830 1343 968 1420 ipse
997 1343 1359 1404 moderandi
1402 1353 1461 1405 et
1498 1342 1755 1418 regendi
1786 1342 1882 1404 sui
1909 1351 2274 1419 potestatem

200 1425 376 1503 quasi
410 1428 710 1502 quasdam
738 1427 1012 1488 habenas
1043 1427 1442 1489 tradidisset?
1495 1428 1647 1487 L111.
1688 1425 1835 1490 227.
1874 1429 2089 1503 ltaque
2118 1427 2273 1488 haec

201 1528 387 1586 quum
415 1527 453 1570 a
480 1520 539 1572 te
571 1510 861 1573 divinitus
892 1529 1009 1588 ego
1042 1511 1203 1572 dicta
1245 1510 1603 1586 arbitrarer,
1643 1512 1706 1572 P.
1750 1510 2013 1574 Rutilius
2054 1513 2271 1579 Rufus,

197 1595 380 1655 homo
413 1595 632 1656 doctus
664 1604 723 1655 et
750 1595 1182 1671 philosophiae
1213 1595 1478 1670 dedituS,
1510 1611 1635 1655 non
1657 1597 1843 1658 modo
1867 1613 2087 1672 parum
2110 1613 2265 1657 com

198 1679 412 1754 mode,
466 1680 580 1740 sed
620 1677 801 1740 etiam
847 1679 1103 1755 turpiter
1143 1688 1204 1740 et
1244 1679 1553 1754 flagitiose
1609 1678 1773 1741 dicta
1826 1697 1971 1741 esse
2013 1679 2280 1740 dicebat·

198 1763 492 1838 Idemque
524 1761 804 1835 Servium
836 1763 1122 1838 Galbam,
1154 1780 1337 1838 quem
1365 1761 1673 1824 hominem
1700 1764 1897 1839 probe
1928 1760 2274 1824 commemi-

200 1845 370 1906 nisse
400 1862 470 1907 se
500 1845 734 1920 aiebat,
764 1846 1145 1923 pergraviter
1183 1846 1643 1921 reprehendere
1684 1847 1956 1921 solebat,
2000 1847 2167 1922 quod
2200 1845 2275 1919 is,

198 1931 263 1991 L.
295 1928 617 1991 Scribonio
652 1929 1076 2007 quaestionem
1103 1928 1167 1990 in
1197 1946 1338 1990 eum
1368 1931 1632 2004 ferente,
1672 1928 1890 2005 populi
1930 1928 2277 1991 misericor-

197 2014 359 2076 diam
392 2014 793 2091 concitasset,
825 2032 1013 2090 quum
1054 2014 1136 2072 Μ.
1169 2013 1346 2086 Cato,
1394 2013 1622 2073 Galbae
1662 2012 1868 2089 gravis
1910 2021 2097 2088 atque
2134 2029 2279 2074 acer

199 2098 511 2172 inimicuS,
543 2115 768 2174 aspere
798 2099 964 2174 apud
992 2099 1287 2174 populum
1309 2098 1654 2159 Romanum
1676 2105 1736 2158 et
1761 2097 2153 2158 vehementer
2181 2113 2276 2158 es-

200 2192 296 2244 set
324 2185 566 2243 locutus
582 2230 596 2255 ,
632 2199 813 2259 quam
837 2180 1174 2243 orationem
1196 2180 1257 2242 in
1282 2180 1630 2257 Originibus
1655 2180 1787 2244 suis
1810 2180 2101 2257 exposuit
2123 2180 2279 2258 ipse.

199 2266 341 2330 228.
388 2266 903 2342 Reprehendebat
930 2265 1113 2341 igitur
1142 2266 1396 2327 Galbam
1425 2266 1721 2343 Rutilius,
1763 2267 1934 2342 quod
1964 2264 2017 2327 is
2049 2266 2112 2326 C.
2144 2265 2278 2327 Sul-

197 2350 343 2427 picii
375 2349 528 2410 Galli
558 2348 893 2426 propinqui
925 2350 1021 2412 sui
1053 2351 1120 2425 Q.
1152 2348 1452 2426 pupillum
1483 2350 1674 2412 filium
1703 2350 1841 2426 ipse
1863 2367 2063 2426 paene
2086 2349 2148 2410 in
2168 2350 2278 2410 hu-

199 2449 407 2494 meros
441 2451 590 2495 suos
621 2433 974 2508 extulisset,
1016 2433 1122 2510 qui
1163 2433 1355 2509 patris
1399 2433 1725 2495 clarissimi
1764 2433 2192 2495 recordatione
2209 2434 2285 2495 'et

197 2517 493 2578 memoria
524 2516 733 2578 fletum
763 2520 997 2593 populo
1028 2526 1304 2578 moveret
1346 2523 1408 2578 et
1445 2518 1607 2581 duos
1647 2517 1810 2579 filios
1854 2535 2007 2579 suos
2050 2535 2279 2594 parvos

197 2603 423 2664 tutelae
468 2600 682 2677 populi
726 2602 1221 2669 commendasset
1261 2617 1335 2660 ac
1378 2617 1479 2676 se,
1519 2610 1834 2678 tamquam,
1859 2601 1920 2661 in
1960 2602 2282 2677 procinctu

198 2693 628 2748 testamentum
658 2686 888 2747 faceret
929 2684 1061 2746 sine
1109 2684 1260 2745 libra
1301 2693 1489 2759 atque
1533 2684 1787 2758 tabuliS,
1831 2686 2132 2760 populum
2159 2688 2277 2745 Ro-

195 2785 443 2830 manum
474 2776 734 2830 tutorem
776 2768 1092 2830 instituere
1135 2767 1400 2829 dixisset
1438 2767 1680 2830 illorum
1724 2767 1984 2829 orbitati.
2070 2769 2283 2843 Itaque

199 2870 391 2929 quum
424 2861 485 2914 et
510 2851 742 2913 invidia
772 2863 832 2914 et
864 2851 1006 2913 odio
1031 2851 1247 2928 populi
1277 2861 1403 2913 tum
1434 2851 1627 2914 Galba
1655 2862 2063 2929 premeretur,
2108 2850 2283 2913 hisce

197 2953 341 2998 eum
371 2935 705 3012 tragoediis
738 2936 1055 3016 liberatum
1086 2938 1349 3008 serebat;
1384 2937 1554 3011 quod
1594 2935 1739 2998 item
1782 2937 1951 3013 apud
1992 2937 2284 2999 Catonem

199 3019 501 3096 scriptum
545 3037 688 3081 esse
728 3019 946 3093 video,
1007 3019 1167 3080 nisi
1221 3021 1495 3095 pueris
1552 3027 1628 3080 et
1679 3019 2035 3102 lacrimis
2091 3036 2282 3081 usus

196 3111 451 3177 esset,
495 3120 793 3178 poenas
836 3121 1000 3164 eum
1045 3103 1403 3165 daturum
1463 3103 1732 3165 fuisse.
1820 3105 1989 3164 Haec
2018 3102 2282 3164 Rutilius

194 3188 384 3248 valde
407 3186 795 3264 vituperabat
818 3195 879 3248 et
896 3187 1036 3248 huic
1060 3185 1379 3247 humilitati
1404 3187 1647 3249 dicebat
1670 3189 1767 3248 vel
1790 3185 2074 3247 exsilium
2091 3188 2284 3246 fuisse

198 3272 303 3332 vel
333 3281 589 3332 mortem
620 3271 1131 3347 anteponendam.
1201 3270 1348 3331 229.
1392 3270 1604 3347 Neque
1636 3288 1783 3331 vero
1814 3270 1933 3331 hoc
1964 3271 2163 3330 solum
2194 3268 2282 3329 di—

195 3354 308 3430 xit,
341 3355 453 3416 sed
484 3354 620 3430 ipse
652 3366 712 3416 et
741 3353 934 3416 sensit
956 3361 1017 3415 et
1039 3355 1200 3415 fecit.
1258 3355 1410 3413 Nam
1435 3372 1621 3430 quum
1645 3362 1815 3415 esset
1837 3352 1937 3414 ille
1965 3352 2055 3414 vir
2080 3371 2280 3416 exem-

195 3440 404 3515 plum,
438 3447 503 3500 ut
533 3436 736 3512 scitiS,
766 3436 1153 3499 innocentiae
1186 3455 1500 3514 quumque
1542 3438 1646 3498 illo
1689 3452 1870 3497 nemo
1901 3455 2104 3514 neque
2133 3438 2281 3500 inte-

197 3520 374 3599 grior
404 3532 574 3583 essct
614 3521 671 3581 in
719 3520 961 3583 civitate
1005 3537 1207 3598 neque
1262 3522 1566 3594 sanctior,
1625 3537 1748 3581 non
1790 3521 1976 3584 modo
2019 3525 2280 3598 supplex

289 3622 404 3666 cxc.
433 3606 477 3664 Ι.
510 3614 559 3666 2.
1838 3614 1875 3664 4

2487 3607 2522 3680 A
