2622 3908
650 233 793 291 LIB.
824 232 894 290 11.
939 231 1100 291 CAP.
1133 240 1399 294 66—68.
1442 238 1493 297 §-
1523 239 1671 294 267-
1704 239 1856 297 ·276.
2161 231 2280 292 123

207 394 491 457 tempus,
523 380 582 441 in
617 399 738 457 quo
771 399 889 442 non
918 383 1134 442 deceat
1157 385 1427 457 leporem
1456 381 2008 458 humanitatemque
2029 382 2281 443 versari.

207 464 359 528 272.
405 465 532 525 Sed
572 466 761 525 redeo
801 467 882 525 ad
927 474 1186 525 caetera.
1257 466 1367 525 Est
1407 465 1555 525 huic
1592 465 1908 526 finitimum
1939 465 2279 526 dissimula·

206 549 393 621 tioni,
442 565 628 622 quum
670 548 928 609 honesto
971 549 1161 608 verbo
1208 547 1432 608 vitiosa
1458 565 1558 610 res
1587 550 1954 623 appellatum
2000 560 2067 611 ut
2097 560 2311 626 quum·

210 630 547 692 Africanus
592 648 817 692 censor
847 630 1008 692 tribu
1051 632 1338 692 movebat
1381 649 1522 692 eum
1566 632 2013 706 centurionem,
2072 634 2175 708 qui
2224 634 2279 693 in

213 716 405 774 Paulli
436 731 643 790 pugna
671 731 795 775 non
831 716 1138 787 adsuerat,
1179 732 1366 789 quum
1396 715 1498 775 ille
1527 732 1596 775 se
1627 716 1945 775 custodiae
1976 732 2166 777 causa
2195 719 2283 776 di-

210 806 384 858 ceret
412 797 473 857 in
505 797 724 860 castris
754 796 1127 859 remansisse
1160 807 1638 873 quaereretque,
1682 801 1907 858 cur-ab
1939 816 2013 858 eo
2045 810 2277 861 notare·

213 894 341 942 tur:
384 882 542 941 Non
586 898 784 956 amo,
825 880 1053 956 inquit,
1086 881 1388 942 nimium
1430 880 1875 956 diligentes.
1934 881 2076 943 273.
2120 885 2283 943 Acu—

211 975 342 1026 tum
371 964 551 1025 etiam
580 964 730 1024 illud
762 975 885 1038 est,
918 982 1105 1039 quum
1134 981 1213 1024 ex
1233 965 1484 1026 alterius
1505 963 1779 1026 oratione
1801 966 1967 1025 aliud
1988 965 2282 1039 excipiaS,

210 1057 403 1120 atque
431 1046 536 1107 ille,
561 1050 723 1117 vult;
760 1057 823 1108 ut
852 1047 1177 1109 Salinatori
1209 1048 1540 1121 Maximus,
1576 1065 1788 1123 quum,
1820 1049 2075 1110 Tarento
2102 1049 2282 1109 amis-

212 1149 321 1204 SO,
366 1147 571 1191 arcem
616 1141 811 1192 tamen
857 1129 1068 1192 Livius
1111 1131 1465 1193 retinuisset
1501 1133 1808 1207 multaque
1839 1149 1919 1192 ex
1949 1148 2022 1191 ea
2053 1132 2284 1207 proelia

213 1216 538 1291 praeclara
569 1214 848 1289 fecisset,
880 1233 1067 1288 quum
1096 1214 1332 1289 aliquot
1360 1226 1502 1290 post
1529 1233 1727 1276 annos
1752 1214 2056 1275 Maximus
2087 1217 2150 1274 id
2175 1232 2290 1290 op-

210 1297 430 1374 pidum
469 1297 811 1374 recepisset
851 1300 1387 1373 rogaretque‘eum
1423 1298 1755 1371 Salinator,
1799 1307 1866 1360 ut
1908 1297 2296 1359 meminisset

212 1398 409 1457 opera
439 1399 651 1442 suase
674 1383 997 1442 Tarentum
1020 1380 1367 1456 recepisse:
1415 1382 1459 1455 Q
1479 1382 1609 1442 uid
1630 1382 1738 1458 ni,
1769 1381 1995 1457 inquit,
2025 1399 2083 1442 m
2101 1383 2281 1443 emi-

211 1464 496 1524 nerim?
535 1462 952 1540 Numquam
995 1464 1197 1524 enim
1237 1466 1757 1541 recepissem,
1798 1465 1952 1526 nisi
1994 1474 2070 1526 tu
2110 1483 2281 1541 per-

211 1550 252 1607 d
270 1547 289 1606 i
307 1548 429 1609 dis
446 1567 476 1608 s
493 1565 592 1608 es.
638 1546 782 1610 274.
816 1549 968 1609 Sunt
991 1548 1172 1609 etiam
1194 1548 1297 1608 illa
1323 1550 1738 1622 subabsurda„
1773 1551 1885 1610 sed
1906 1567 1981 1609 eo
2007 1549 2147 1625 ipso
2172 1567 2281 1611 no-

210 1631 376 1691 mine
409 1649 599 1707 saepe
629 1631 914 1706 ridicula,
958 1650 1081 1694 non
1113 1635 1314 1694 solum
1343 1632 1542 1694 mimis
1576 1632 2002 1709 perapposita,
2049 1634 2162 1694 sed
2193 1641 2280 1695 et-

209 1715 334 1774 iam
367 1716 821 1789 quodammodo
854 1715 1063 1776 nobis=

295 1800 483 1860 Homo
507 1800 716 1871 fatuus
729 1847 743 1871 ,
784 1807 1093 1875 postquam
1121 1817 1247 1859 rem
1277 1803 1497 1861 habere
1524 1804 1714 1873 coepit
1726 1846 1737 1869 ,
1768 1808 1868 1858 est
1901 1808 2212 1858 emortuus.

210 1891 304 1942 εῖτ

299 1967 458 2037 Quid
481 1977 565 2027 est
593 1970 697 2027 tibi
720 1970 838 2027 ista¹
858 1965 1113 2027 mulier?
1165 1967 1348 2027 Uxor.
1407 1966 1628 2026 Similis
1665 1984 1755 2025 me
1798 1969 1933 2026 dius
1965 1967 2167 2038 fidius.
2197 2000 2277 2010 —

207 2062 302 2111 et:
865 2098 873 2106 .

302 2134 594 2205 Quamdiu
622 2136 709 2194 ad
737 2152 926 2209 aquas
947 2135 1074 2207 fuit
1090 2181 1103 2207 ,
1134 2151 1452 2209 numquam
1481 2141 1568 2194 est
1593 2142 1904 2194 emortuus.

209 2217 471 2277 LXVIII.
518 2218 725 2278 Genus
755 2217 874 2277 hoc
911 2218 1108 2279 levius
1139 2225 1228 2290 et,
1271 2227 1339 2277 ut
1369 2216 1527 2291 dixi,
1572 2214 1907 2286 mimicum;
1955 2215 2067 2275 sed
2097 2215 2278 2274 habet

207 2318 670 2376 nonnumquam
699 2299 932 2375 aliquid
966 2301 1147 2363 etiam
1178 2302 1342 2377 apud
1374 2319 1488 2362 nos
1516 2300 1668 2373 loci,
1697 2309 1766 2361 ut
1788 2302 1884 2361 vel
1908 2316 2031 2359 non
2058 2302 2278 2360 stultus

209 2383 393 2460 quasi
426 2387 607 2446 stulte
638 2402 777 2445 cum
808 2385 937 2445 sale
967 2384 1131 2445 dicat
1158 2384 1421 2460 aliquid:
1467 2394 1533 2446 ut
1562 2384 1700 2459 tibi,
1728 2383 1989 2459 Antoni,
2018 2382 2274 2455 Mancia,

207 2485 400 2544 quum
442 2468 721 2529 audisset
759 2477 818 2529 te
863 2485 1184 2529 censorem
1223 2485 1260 2528 a
1287 2469 1368 2528 M.
1396 2469 1670 2529 Duronio
1701 2469 1780 2528 de
1809 2467 2036 2529 ambitu
2064 2476 2277 2544 postu-

206 2554 425 2622 latum,
495 2552 983 2627 Aliquando,
1058 2551 1285 2626 inquit,
1368 2550 1511 2612 tibi
1592 2561 1798 2612 tuum
1883 2551 2278 2627 negotium

204 2651 445 2709 agere
475 2634 770 2696 licebit.
816 2632 959 2697 275.
1000 2636 1199 2694 Valde
1229 2636 1382 2693 haec
1404 2633 1680 2695 ridentur
1702 2644 1762 2694 et
1782 2635 2031 2694 hercule
2056 2634 2277 2709 omnia,
2340 2633 2345 2638 ’

206 2734 372 2793 quae
413 2735 450 2779 a
495 2718 899 2793 prudentibus
947 2718 1127 2794 quasi
1172 2736 1282 2793 per
1310 2718 1854 2778 dissimulationem
1911 2734 2032 2777 non
2062 2717 2276 2777 intelli—

204 2800 392 2877 gendi
450 2803 836 2863 subabsurde
865 2805 1154 2878 salseque
1186 2801 1487 2863 dicuntur.
1545 2802 1638 2860 Ex
1672 2817 1793 2876 quo
1826 2817 2051 2875 genere
2075 2808 2171 2860 est
2192 2809 2276 2860 et·

203 2884 331 2945 iam
353 2902 475 2946 non
503 2884 698 2945 videri
721 2884 1057 2962 intelligere
1082 2887 1250 2961 quod
1272 2884 1593 2961 intelligam,
1619 2884 2050 2946 utPontidius=
2083 2884 2237 2960 Qua
2253 2917 2277 2926 -

204 2969 351 3028 lem
396 2968 845 3043 existimaS,
878 2969 1007 3045 qui
1052 2969 1122 3030 in
1169 2969 1563 3031 adulterio
1608 2969 2276 3045 deprehenditur?

201 3085 290 3094 —
319 3051 670 3113 Tardum!
715 3061 782 3113 ut
811 3069 955 3127 ego,
992 3054 1096 3128 qui
1127 3052 1185 3113 in
1239 3055 1464 3115 dilectu
1489 3054 1767 3126 Metello,
1804 3072 1987 3129 quum
2017 3070 2277 3113 excusa-

200 3133 433 3196 tionem
479 3137 796 3197 oculorum
833 3153 871 3196 a
912 3153 1010 3196 me
1052 3154 1175 3197 non
1219 3136 1529 3213 acciperet
1563 3148 1623 3199 et
1660 3137 1944 3198 dixisset=
1988 3138 2087 3197 Tu
2129 3134 2277 3210 igi-

198 3229 329 3280 tur
369 3217 565 3278 nihil
610 3218 881 3281 vides?
974 3217 1117 3282 276.
1172 3220 1327 3297 Ego
1371 3238 1591 3295 vero,
1651 3222 1925 3295 inquam,
1970 3238 2007 3279 a
2053 3227 2272 3293 porta

198 3300 618 3377 Esquilina
662 3302 892 3364 video
936 3303 1205 3364 villam
1248 3314 1479 3364 tuame
1534 3303 1792 3366 utillud
1832 3301 2123 3376 Nasicae,
2170 3301 2272 3378 qui

200 3404 395 3461 quum
440 3386 520 3445 ad
565 3390 811 3461 poetam
842 3387 1105 3447 Ennium
1132 3387 1411 3449 venisset
1439 3389 1620 3461 eique
1653 3388 1731 3447 ab
1764 3386 1921 3447 ostio
1957 3386 2271 3461 quaerenti

191 3468 462 3531 Ennium
510 3469 729 3530 ancilla
759 3470 1019 3532 dixisset
1046 3470 1210 3532 domi
1239 3488 1363 3531 non
1395 3488 1566 3538 esse,
1608 3467 1831 3530 Nasica
1875 3469 2069 3531 sensit
2111 3469 2269 3532 illam
