<?xml version="1.0" encoding="UTF-8"?>
<!DOCTYPE html PUBLIC "-//W3C//DTD XHTML 1.0 Transitional//EN"
    "http://www.w3.org/TR/xhtml1/DTD/xhtml1-transitional.dtd">
<html xmlns="http://www.w3.org/1999/xhtml" xml:lang="en" lang="en">
 <head>
  <title>
</title>
<meta http-equiv="Content-Type" content="text/html;charset=utf-8" />
  <meta name='ocr-system' content='tesseract 3.04.00' />
  <meta name='ocr-capabilities' content='ocr_page ocr_carea ocr_par ocr_line ocrx_word'/>
</head>
<body>
  <div class='ocr_page' id='page_1' title='image "./deoratorelibrit01cicegoog_0051.png"; bbox 0 0 2622 3908; ppageno 0'>
   <div class='ocr_carea' id='block_1_1' title="bbox 688 228 2325 325">
    <p class='ocr_par' dir='ltr' id='par_1_1' title="bbox 688 228 2325 325">
     <span class='ocr_line' id='line_1_1' title="bbox 688 228 2325 325; baseline 0.004 -37"><span class='ocrx_word' id='word_1_1' title='bbox 688 229 843 289; x_wconf 88' lang='lat' dir='ltr'><strong>LIB.</strong></span> <span class='ocrx_word' id='word_1_2' title='bbox 876 230 922 288; x_wconf 93' lang='grc'><strong>1.</strong></span> <span class='ocrx_word' id='word_1_3' title='bbox 968 228 1132 288; x_wconf 85' lang='lat' dir='ltr'>CAP.</span> <span class='ocrx_word' id='word_1_4' title='bbox 1163 236 1427 290; x_wconf 80' lang='lat'><strong>49-51.</strong></span> <span class='ocrx_word' id='word_1_5' title='bbox 1470 235 1522 296; x_wconf 81' lang='lat' dir='ltr'><strong>s.</strong></span> <span class='ocrx_word' id='word_1_6' title='bbox 1553 238 1887 291; x_wconf 83' lang='lat'>213—221.</span> <span class='ocrx_word' id='word_1_7' title='bbox 1975 322 1979 325; x_wconf 19' lang='grc' dir='ltr'>ι</span> <span class='ocrx_word' id='word_1_8' title='bbox 2243 230 2325 295; x_wconf 81' lang='grc'><strong>47</strong></span> 
     </span>
    </p>
   </div>
   <div class='ocr_carea' id='block_1_2' title="bbox 246 376 2326 540">
    <p class='ocr_par' dir='ltr' id='par_1_2' title="bbox 246 376 2326 540">
     <span class='ocr_line' id='line_1_2' title="bbox 247 376 2323 456; baseline 0.003 -17"><span class='ocrx_word' id='word_1_9' title='bbox 247 376 434 453; x_wconf 86' lang='lat' dir='ltr'><strong>sophi</strong></span> <span class='ocrx_word' id='word_1_10' title='bbox 471 378 720 454; x_wconf 91' lang='lat' dir='ltr'><strong>quidem</strong></span> <span class='ocrx_word' id='word_1_11' title='bbox 748 378 904 454; x_wconf 91' lang='lat' dir='ltr'><strong>ipsi,</strong></span> <span class='ocrx_word' id='word_1_12' title='bbox 953 378 1058 455; x_wconf 91' lang='lat' dir='ltr'><strong>qui</strong></span> <span class='ocrx_word' id='word_1_13' title='bbox 1099 378 1330 453; x_wconf 91' lang='lat' dir='ltr'><strong>omnia,</strong></span> <span class='ocrx_word' id='word_1_14' title='bbox 1378 380 1538 441; x_wconf 88' lang='lat' dir='ltr'><strong>sicut</strong></span> <span class='ocrx_word' id='word_1_15' title='bbox 1564 379 1845 456; x_wconf 89' lang='lat' dir='ltr'><strong>propria,</strong></span> <span class='ocrx_word' id='word_1_16' title='bbox 1891 399 2005 443; x_wconf 88' lang='lat' dir='ltr'><strong>sua</strong></span> <span class='ocrx_word' id='word_1_17' title='bbox 2050 398 2193 443; x_wconf 90' lang='lat' dir='ltr'><strong>esse</strong></span> <span class='ocrx_word' id='word_1_18' title='bbox 2236 393 2323 446; x_wconf 89' lang='lat' dir='ltr'><strong>at-</strong></span> 
     </span>
     <span class='ocr_line' id='line_1_3' title="bbox 246 461 2326 540; baseline 0.003 -18"><span class='ocrx_word' id='word_1_19' title='bbox 246 478 371 538; x_wconf 90' lang='lat' dir='ltr'><strong>que</strong></span> <span class='ocrx_word' id='word_1_20' title='bbox 415 478 454 520; x_wconf 87' lang='lat' dir='ltr'><strong>a</strong></span> <span class='ocrx_word' id='word_1_21' title='bbox 497 478 566 522; x_wconf 89' lang='lat' dir='ltr'><strong>se</strong></span> <span class='ocrx_word' id='word_1_22' title='bbox 609 461 920 537; x_wconf 84' lang='lat' dir='ltr'><strong>possideri</strong></span> <span class='ocrx_word' id='word_1_23' title='bbox 965 465 1207 538; x_wconf 91' lang='lat' dir='ltr'><strong>volunt,</strong></span> <span class='ocrx_word' id='word_1_24' title='bbox 1250 462 1458 524; x_wconf 84' lang='lat' dir='ltr'><strong>dicere</strong></span> <span class='ocrx_word' id='word_1_25' title='bbox 1495 465 1751 538; x_wconf 90' lang='lat' dir='ltr'><strong>audent,</strong></span> <span class='ocrx_word' id='word_1_26' title='bbox 1796 465 2192 540; x_wconf 82' lang='lat' dir='ltr'><strong>geometriam</strong></span> <span class='ocrx_word' id='word_1_27' title='bbox 2221 476 2326 529; x_wconf 87' lang='lat' dir='ltr'><strong>aut</strong></span> 
     </span>
    </p>
   </div>
   <div class='ocr_carea' id='block_1_3' title="bbox 243 544 2421 622">
    <p class='ocr_par' dir='ltr' id='par_1_3' title="bbox 243 544 2421 622">
     <span class='ocr_line' id='line_1_4' title="bbox 243 544 2421 622; baseline 0 -16"><span class='ocrx_word' id='word_1_28' title='bbox 243 544 543 606; x_wconf 83' lang='lat' dir='ltr'><strong>musicam</strong></span> <span class='ocrx_word' id='word_1_29' title='bbox 573 544 929 622; x_wconf 87' lang='lat' dir='ltr'>philosophi</span> <span class='ocrx_word' id='word_1_30' title='bbox 958 563 1133 621; x_wconf 90' lang='lat' dir='ltr'><strong>esse,</strong></span> <span class='ocrx_word' id='word_1_31' title='bbox 1177 547 1324 622; x_wconf 88' lang='lat' dir='ltr'><strong>quia</strong></span> <span class='ocrx_word' id='word_1_32' title='bbox 1350 547 1662 608; x_wconf 80' lang='lat' dir='ltr'><strong>Platonem</strong></span> <span class='ocrx_word' id='word_1_33' title='bbox 1693 564 1908 610; x_wconf 92' lang='lat' dir='ltr'><strong>omnes</strong></span> <span class='ocrx_word' id='word_1_34' title='bbox 1936 548 1997 609; x_wconf 91' lang='lat' dir='ltr'><strong>in</strong></span> <span class='ocrx_word' id='word_1_35' title='bbox 2032 548 2152 610; x_wconf 88' lang='lat' dir='ltr'><strong>illis</strong></span> <span class='ocrx_word' id='word_1_36' title='bbox 2182 554 2317 611; x_wconf 79' lang='lat' dir='ltr'><strong>arti-</strong></span> <span class='ocrx_word' id='word_1_37' title='bbox 2417 602 2421 606; x_wconf 18' lang='grc' dir='ltr'><strong>Α</strong></span> 
     </span>
    </p>
   </div>
   <div class='ocr_carea' id='block_1_4' title="bbox 194 628 2324 3548">
    <p class='ocr_par' dir='ltr' id='par_1_4' title="bbox 244 628 2322 1459">
     <span class='ocr_line' id='line_1_5' title="bbox 247 628 2298 709; baseline 0.002 -19"><span class='ocrx_word' id='word_1_38' title='bbox 247 630 364 690; x_wconf 88' lang='lat' dir='ltr'><strong>bus</strong></span> <span class='ocrx_word' id='word_1_39' title='bbox 397 630 997 704; x_wconf 83' lang='lat' dir='ltr'><strong>praestantissimum</strong></span> <span class='ocrx_word' id='word_1_40' title='bbox 1040 628 1235 692; x_wconf 85' lang='lat' dir='ltr'><strong>fuisse</strong></span> <span class='ocrx_word' id='word_1_41' title='bbox 1271 631 1592 692; x_wconf 79' lang='lat' dir='ltr'><strong>fateantur.</strong></span> <span class='ocrx_word' id='word_1_42' title='bbox 1652 628 1795 692; x_wconf 87' lang='grc'><strong>218.</strong></span> <span class='ocrx_word' id='word_1_43' title='bbox 1839 635 1932 693; x_wconf 87' lang='lat' dir='ltr'><strong>Ac</strong></span> <span class='ocrx_word' id='word_1_44' title='bbox 1963 632 2016 693; x_wconf 91' lang='lat' dir='ltr'><strong>si</strong></span> <span class='ocrx_word' id='word_1_45' title='bbox 2044 632 2165 693; x_wconf 89' lang='lat' dir='ltr'><strong>iam</strong></span> <span class='ocrx_word' id='word_1_46' title='bbox 2194 636 2298 709; x_wconf 88' lang='lat' dir='ltr'><strong>pla</strong></span> 
     </span>
     <span class='ocr_line' id='line_1_6' title="bbox 244 712 2319 792; baseline 0.002 -18"><span class='ocrx_word' id='word_1_47' title='bbox 244 720 345 774; x_wconf 83' lang='lat' dir='ltr'><strong>cet</strong></span> <span class='ocrx_word' id='word_1_48' title='bbox 386 728 600 773; x_wconf 93' lang='lat' dir='ltr'><strong>omnes</strong></span> <span class='ocrx_word' id='word_1_49' title='bbox 645 720 808 773; x_wconf 90' lang='lat' dir='ltr'><strong>artes</strong></span> <span class='ocrx_word' id='word_1_50' title='bbox 851 713 1079 775; x_wconf 88' lang='lat' dir='ltr'><strong>oratori</strong></span> <span class='ocrx_word' id='word_1_51' title='bbox 1109 712 1513 790; x_wconf 89' lang='lat' dir='ltr'><strong>subiungere,</strong></span> <span class='ocrx_word' id='word_1_52' title='bbox 1557 713 1934 776; x_wconf 84' lang='lat' dir='ltr'><strong>tolerabilius</strong></span> <span class='ocrx_word' id='word_1_53' title='bbox 1965 724 2062 776; x_wconf 89' lang='lat' dir='ltr'><strong>est</strong></span> <span class='ocrx_word' id='word_1_54' title='bbox 2090 716 2180 778; x_wconf 87' lang='lat' dir='ltr'><strong>sic</strong></span> <span class='ocrx_word' id='word_1_55' title='bbox 2209 734 2319 792; x_wconf 89' lang='lat' dir='ltr'><strong>po·</strong></span> 
     </span>
     <span class='ocr_line' id='line_1_7' title="bbox 245 794 2322 872; baseline 0.002 -14"><span class='ocrx_word' id='word_1_56' title='bbox 245 796 367 858; x_wconf 88' lang='lat' dir='ltr'><strong>tius</strong></span> <span class='ocrx_word' id='word_1_57' title='bbox 415 794 652 871; x_wconf 86' lang='lat' dir='ltr'><strong>dicere,</strong></span> <span class='ocrx_word' id='word_1_58' title='bbox 694 804 789 870; x_wconf 89' lang='lat' dir='ltr'><strong>ut,</strong></span> <span class='ocrx_word' id='word_1_59' title='bbox 836 796 1124 872; x_wconf 88' lang='lat' dir='ltr'><strong>quoniam</strong></span> <span class='ocrx_word' id='word_1_60' title='bbox 1167 796 1414 858; x_wconf 90' lang='lat' dir='ltr'><strong>dicendi</strong></span> <span class='ocrx_word' id='word_1_61' title='bbox 1457 799 1713 859; x_wconf 78' lang='lat' dir='ltr'><strong>facultas</strong></span> <span class='ocrx_word' id='word_1_62' title='bbox 1755 815 1879 859; x_wconf 91' lang='lat' dir='ltr'><strong>non</strong></span> <span class='ocrx_word' id='word_1_63' title='bbox 1923 799 2146 861; x_wconf 90' lang='lat' dir='ltr'><strong>debeat</strong></span> <span class='ocrx_word' id='word_1_64' title='bbox 2178 816 2322 862; x_wconf 87' lang='lat' dir='ltr'><strong>esse</strong></span> 
     </span>
     <span class='ocr_line' id='line_1_8' title="bbox 244 880 2318 958; baseline 0.001 -17"><span class='ocrx_word' id='word_1_65' title='bbox 244 880 452 941; x_wconf 91' lang='lat' dir='ltr'><strong>ieiuna</strong></span> <span class='ocrx_word' id='word_1_66' title='bbox 476 889 664 955; x_wconf 88' lang='lat' dir='ltr'><strong>atque</strong></span> <span class='ocrx_word' id='word_1_67' title='bbox 691 880 888 954; x_wconf 88' lang='lat' dir='ltr'><strong>nuda,</strong></span> <span class='ocrx_word' id='word_1_68' title='bbox 918 882 1034 941; x_wconf 90' lang='lat' dir='ltr'><strong>sed</strong></span> <span class='ocrx_word' id='word_1_69' title='bbox 1059 897 1321 956; x_wconf 89' lang='lat' dir='ltr'><strong>aspersa</strong></span> <span class='ocrx_word' id='word_1_70' title='bbox 1350 890 1536 958; x_wconf 90' lang='lat' dir='ltr'><strong>atque</strong></span> <span class='ocrx_word' id='word_1_71' title='bbox 1568 880 1855 943; x_wconf 84' lang='lat' dir='ltr'><strong>distincta</strong></span> <span class='ocrx_word' id='word_1_72' title='bbox 1879 883 2202 943; x_wconf 86' lang='lat' dir='ltr'><strong>multarum</strong></span> <span class='ocrx_word' id='word_1_73' title='bbox 2223 900 2318 943; x_wconf 90' lang='lat' dir='ltr'><strong>re-</strong></span> 
     </span>
     <span class='ocr_line' id='line_1_9' title="bbox 244 962 2318 1040; baseline 0 -15"><span class='ocrx_word' id='word_1_74' title='bbox 244 980 381 1025; x_wconf 91' lang='lat' dir='ltr'><strong>rum</strong></span> <span class='ocrx_word' id='word_1_75' title='bbox 410 962 681 1024; x_wconf 88' lang='lat' dir='ltr'><strong>iucunda</strong></span> <span class='ocrx_word' id='word_1_76' title='bbox 716 965 980 1039; x_wconf 87' lang='lat' dir='ltr'><strong>quadarn</strong></span> <span class='ocrx_word' id='word_1_77' title='bbox 1011 965 1304 1025; x_wconf 87' lang='lat' dir='ltr'><strong>varietate</strong></span> <span class='ocrx_word' id='word_1_78' title='bbox 1321 1011 1338 1040; x_wconf 93' lang='lat'><strong>,</strong></span> <span class='ocrx_word' id='word_1_79' title='bbox 1374 965 1455 1027; x_wconf 90' lang='lat' dir='ltr'><strong>sit</strong></span> <span class='ocrx_word' id='word_1_80' title='bbox 1481 966 1627 1027; x_wconf 92' lang='lat' dir='ltr'><strong>boni</strong></span> <span class='ocrx_word' id='word_1_81' title='bbox 1658 964 1918 1027; x_wconf 86' lang='lat' dir='ltr'><strong>oratoris</strong></span> <span class='ocrx_word' id='word_1_82' title='bbox 1947 967 2135 1027; x_wconf 88' lang='lat' dir='ltr'><strong>multa</strong></span> <span class='ocrx_word' id='word_1_83' title='bbox 2162 965 2318 1026; x_wconf 87' lang='lat' dir='ltr'><strong>auri-</strong></span> 
     </span>
     <span class='ocr_line' id='line_1_10' title="bbox 244 1047 2321 1125; baseline 0 -15"><span class='ocrx_word' id='word_1_84' title='bbox 244 1048 364 1111; x_wconf 81' lang='lat' dir='ltr'><strong>bus</strong></span> <span class='ocrx_word' id='word_1_85' title='bbox 408 1048 762 1123; x_wconf 89' lang='lat' dir='ltr'><strong>accepisse,</strong></span> <span class='ocrx_word' id='word_1_86' title='bbox 808 1050 994 1109; x_wconf 89' lang='lat' dir='ltr'><strong>multa</strong></span> <span class='ocrx_word' id='word_1_87' title='bbox 1036 1047 1300 1122; x_wconf 90' lang='lat' dir='ltr'><strong>vidisse,</strong></span> <span class='ocrx_word' id='word_1_88' title='bbox 1357 1051 1545 1111; x_wconf 84' lang='lat' dir='ltr'><strong>multa</strong></span> <span class='ocrx_word' id='word_1_89' title='bbox 1585 1048 1788 1110; x_wconf 92' lang='lat' dir='ltr'><strong>animo</strong></span> <span class='ocrx_word' id='word_1_90' title='bbox 1830 1058 1891 1111; x_wconf 89' lang='lat' dir='ltr'><strong>et</strong></span> <span class='ocrx_word' id='word_1_91' title='bbox 1932 1048 2321 1125; x_wconf 83' lang='lat' dir='ltr'><strong>cogitatione,</strong></span> 
     </span>
     <span class='ocr_line' id='line_1_11' title="bbox 247 1130 2319 1209; baseline 0.001 -17"><span class='ocrx_word' id='word_1_92' title='bbox 247 1132 436 1192; x_wconf 78' lang='lat' dir='ltr'><strong>multa</strong></span> <span class='ocrx_word' id='word_1_93' title='bbox 466 1130 648 1191; x_wconf 92' lang='lat' dir='ltr'><strong>etiam</strong></span> <span class='ocrx_word' id='word_1_94' title='bbox 681 1133 944 1207; x_wconf 92' lang='lat' dir='ltr'><strong>legendo</strong></span> <span class='ocrx_word' id='word_1_95' title='bbox 981 1133 1473 1207; x_wconf 84' lang='lat' dir='ltr'><strong>percucurrisse,</strong></span> <span class='ocrx_word' id='word_1_96' title='bbox 1519 1149 1722 1209; x_wconf 93' lang='lat' dir='ltr'><strong>neque</strong></span> <span class='ocrx_word' id='word_1_97' title='bbox 1756 1148 1832 1192; x_wconf 92' lang='lat' dir='ltr'><strong>ea</strong></span> <span class='ocrx_word' id='word_1_98' title='bbox 1860 1141 1928 1194; x_wconf 91' lang='lat' dir='ltr'><strong>ut</strong></span> <span class='ocrx_word' id='word_1_99' title='bbox 1958 1150 2072 1194; x_wconf 90' lang='lat' dir='ltr'><strong>sua</strong></span> <span class='ocrx_word' id='word_1_100' title='bbox 2099 1151 2319 1209; x_wconf 90' lang='lat' dir='ltr'><strong>posse-</strong></span> 
     </span>
     <span class='ocr_line' id='line_1_12' title="bbox 248 1214 2321 1292; baseline 0.001 -18"><span class='ocrx_word' id='word_1_101' title='bbox 248 1214 451 1288; x_wconf 89' lang='lat' dir='ltr'><strong>disse,</strong></span> <span class='ocrx_word' id='word_1_102' title='bbox 484 1215 599 1274; x_wconf 93' lang='lat' dir='ltr'><strong>sed</strong></span> <span class='ocrx_word' id='word_1_103' title='bbox 627 1221 694 1276; x_wconf 83' lang='lat' dir='ltr'><strong>ut</strong></span> <span class='ocrx_word' id='word_1_104' title='bbox 721 1214 922 1275; x_wconf 90' lang='lat' dir='ltr'><strong>aliena</strong></span> <span class='ocrx_word' id='word_1_105' title='bbox 944 1215 1195 1276; x_wconf 88' lang='lat' dir='ltr'><strong>libasse.</strong></span> <span class='ocrx_word' id='word_1_106' title='bbox 1251 1215 1475 1277; x_wconf 85' lang='lat' dir='ltr'><strong>Fateor</strong></span> <span class='ocrx_word' id='word_1_107' title='bbox 1500 1216 1660 1276; x_wconf 91' lang='lat' dir='ltr'><strong>enim</strong></span> <span class='ocrx_word' id='word_1_108' title='bbox 1685 1215 1969 1276; x_wconf 89' lang='lat' dir='ltr'><strong>callidum</strong></span> <span class='ocrx_word' id='word_1_109' title='bbox 1994 1218 2321 1292; x_wconf 88' lang='lat' dir='ltr'><strong>quemdam</strong></span> 
     </span>
     <span class='ocr_line' id='line_1_13' title="bbox 247 1297 2321 1375; baseline 0.001 -17"><span class='ocrx_word' id='word_1_110' title='bbox 247 1298 409 1358; x_wconf 85' lang='lat' dir='ltr'><strong>hunc</strong></span> <span class='ocrx_word' id='word_1_111' title='bbox 454 1306 515 1358; x_wconf 92' lang='lat' dir='ltr'><strong>et</strong></span> <span class='ocrx_word' id='word_1_112' title='bbox 550 1299 716 1358; x_wconf 90' lang='lat' dir='ltr'><strong>nulla</strong></span> <span class='ocrx_word' id='word_1_113' title='bbox 744 1297 805 1357; x_wconf 91' lang='lat' dir='ltr'><strong>in</strong></span> <span class='ocrx_word' id='word_1_114' title='bbox 836 1315 904 1359; x_wconf 94' lang='lat' dir='ltr'><strong>re</strong></span> <span class='ocrx_word' id='word_1_115' title='bbox 932 1297 1190 1360; x_wconf 87' lang='lat' dir='ltr'><strong>tironem</strong></span> <span class='ocrx_word' id='word_1_116' title='bbox 1220 1316 1293 1359; x_wconf 86' lang='lat' dir='ltr'><strong>ac</strong></span> <span class='ocrx_word' id='word_1_117' title='bbox 1322 1300 1538 1360; x_wconf 91' lang='lat' dir='ltr'><strong>rudem</strong></span> <span class='ocrx_word' id='word_1_118' title='bbox 1567 1316 1681 1361; x_wconf 88' lang='lat' dir='ltr'><strong>nec</strong></span> <span class='ocrx_word' id='word_1_119' title='bbox 1716 1299 2105 1375; x_wconf 91' lang='lat' dir='ltr'><strong>peregrinum</strong></span> <span class='ocrx_word' id='word_1_120' title='bbox 2134 1310 2321 1374; x_wconf 86' lang='lat' dir='ltr'><strong>atque</strong></span> 
     </span>
     <span class='ocr_line' id='line_1_14' title="bbox 247 1380 1371 1459; baseline 0.001 -19"><span class='ocrx_word' id='word_1_121' title='bbox 247 1380 556 1459; x_wconf 83' lang='lat' dir='ltr'><strong>hospitem</strong></span> <span class='ocrx_word' id='word_1_122' title='bbox 584 1380 646 1441; x_wconf 92' lang='lat' dir='ltr'><strong>in</strong></span> <span class='ocrx_word' id='word_1_123' title='bbox 673 1383 916 1457; x_wconf 89' lang='lat' dir='ltr'><strong>agendo</strong></span> <span class='ocrx_word' id='word_1_124' title='bbox 947 1398 1092 1443; x_wconf 92' lang='lat' dir='ltr'><strong>esse</strong></span> <span class='ocrx_word' id='word_1_125' title='bbox 1125 1383 1371 1443; x_wconf 90' lang='lat' dir='ltr'><strong>debere.</strong></span> 
     </span>
    </p>

    <p class='ocr_par' dir='ltr' id='par_1_5' title="bbox 194 1463 2324 3548">
     <span class='ocr_line' id='line_1_15' title="bbox 412 1463 2319 1543; baseline 0.002 -18"><span class='ocrx_word' id='word_1_126' title='bbox 412 1466 507 1525; x_wconf 91' lang='lat' dir='ltr'><strong>Ll.</strong></span> <span class='ocrx_word' id='word_1_127' title='bbox 562 1463 708 1526; x_wconf 89' lang='grc'><strong>219.</strong></span> <span class='ocrx_word' id='word_1_128' title='bbox 751 1466 967 1542; x_wconf 89' lang='lat' dir='ltr'><strong>Neque</strong></span> <span class='ocrx_word' id='word_1_129' title='bbox 1009 1481 1159 1527; x_wconf 90' lang='lat' dir='ltr'><strong>vero</strong></span> <span class='ocrx_word' id='word_1_130' title='bbox 1203 1465 1340 1527; x_wconf 90' lang='lat' dir='ltr'><strong>istis</strong></span> <span class='ocrx_word' id='word_1_131' title='bbox 1383 1466 1716 1543; x_wconf 90' lang='lat' dir='ltr'><strong>tragoediis</strong></span> <span class='ocrx_word' id='word_1_132' title='bbox 1758 1467 1909 1542; x_wconf 79' lang='lat' dir='ltr'><strong>tuiS,</strong></span> <span class='ocrx_word' id='word_1_133' title='bbox 1965 1466 2189 1543; x_wconf 89' lang='lat' dir='ltr'><strong>quibus</strong></span> <span class='ocrx_word' id='word_1_134' title='bbox 2232 1466 2319 1529; x_wconf 92' lang='lat' dir='ltr'><strong>uti</strong></span> 
     </span>
     <span class='ocr_line' id='line_1_16' title="bbox 244 1548 2316 1627; baseline 0.001 -18"><span class='ocrx_word' id='word_1_135' title='bbox 244 1548 602 1625; x_wconf 87' lang='lat' dir='ltr'><strong>philosophi</strong></span> <span class='ocrx_word' id='word_1_136' title='bbox 644 1548 906 1610; x_wconf 90' lang='lat' dir='ltr'><strong>maxime</strong></span> <span class='ocrx_word' id='word_1_137' title='bbox 950 1550 1180 1625; x_wconf 84' lang='lat' dir='ltr'><strong>solent,</strong></span> <span class='ocrx_word' id='word_1_138' title='bbox 1224 1551 1475 1627; x_wconf 89' lang='lat' dir='ltr'><strong>Crasse,</strong></span> <span class='ocrx_word' id='word_1_139' title='bbox 1517 1552 1869 1626; x_wconf 89' lang='lat' dir='ltr'><strong>perturbor,</strong></span> <span class='ocrx_word' id='word_1_140' title='bbox 1913 1552 2085 1626; x_wconf 90' lang='lat' dir='ltr'><strong>quod</strong></span> <span class='ocrx_word' id='word_1_141' title='bbox 2113 1554 2197 1612; x_wconf 83' lang='lat' dir='ltr'><strong>ita</strong></span> <span class='ocrx_word' id='word_1_142' title='bbox 2230 1550 2316 1612; x_wconf 86' lang='lat' dir='ltr'><strong>di·</strong></span> 
     </span>
     <span class='ocr_line' id='line_1_17' title="bbox 244 1631 2312 1711; baseline 0.001 -19"><span class='ocrx_word' id='word_1_143' title='bbox 244 1631 421 1708; x_wconf 88' lang='lat' dir='ltr'><strong>xisti,</strong></span> <span class='ocrx_word' id='word_1_144' title='bbox 465 1631 769 1693; x_wconf 92' lang='lat' dir='ltr'><strong>neminem</strong></span> <span class='ocrx_word' id='word_1_145' title='bbox 810 1649 1004 1709; x_wconf 92' lang='lat' dir='ltr'><strong>posse</strong></span> <span class='ocrx_word' id='word_1_146' title='bbox 1049 1650 1261 1695; x_wconf 91' lang='lat' dir='ltr'><strong>eorum</strong></span> <span class='ocrx_word' id='word_1_147' title='bbox 1290 1643 1559 1709; x_wconf 80' lang='lat' dir='ltr'><strong>menteS,</strong></span> <span class='ocrx_word' id='word_1_148' title='bbox 1604 1633 1710 1711; x_wconf 92' lang='lat' dir='ltr'><strong>qui</strong></span> <span class='ocrx_word' id='word_1_149' title='bbox 1739 1635 2050 1708; x_wconf 86' lang='lat' dir='ltr'><strong>audirent,</strong></span> <span class='ocrx_word' id='word_1_150' title='bbox 2091 1644 2196 1696; x_wconf 89' lang='lat' dir='ltr'><strong>aut</strong></span> <span class='ocrx_word' id='word_1_151' title='bbox 2223 1633 2312 1695; x_wconf 91' lang='lat' dir='ltr'><strong>in-</strong></span> 
     </span>
     <span class='ocr_line' id='line_1_18' title="bbox 244 1715 2319 1795; baseline 0.002 -20"><span class='ocrx_word' id='word_1_152' title='bbox 244 1715 559 1776; x_wconf 88' lang='lat' dir='ltr'><strong>flammare</strong></span> <span class='ocrx_word' id='word_1_153' title='bbox 611 1715 876 1778; x_wconf 89' lang='lat' dir='ltr'><strong>dicendo</strong></span> <span class='ocrx_word' id='word_1_154' title='bbox 927 1727 1032 1780; x_wconf 89' lang='lat' dir='ltr'><strong>aut</strong></span> <span class='ocrx_word' id='word_1_155' title='bbox 1081 1716 1488 1779; x_wconf 89' lang='lat' dir='ltr'><strong>inflammatas</strong></span> <span class='ocrx_word' id='word_1_156' title='bbox 1539 1717 1953 1793; x_wconf 84' lang='lat' dir='ltr'><strong>restinguere,</strong></span> <span class='ocrx_word' id='word_1_157' title='bbox 2004 1736 2191 1795; x_wconf 92' lang='lat' dir='ltr'><strong>quum</strong></span> <span class='ocrx_word' id='word_1_158' title='bbox 2243 1735 2319 1779; x_wconf 96' lang='lat' dir='ltr'><strong>eo</strong></span> 
     </span>
     <span class='ocr_line' id='line_1_19' title="bbox 244 1798 2318 1878; baseline 0.001 -19"><span class='ocrx_word' id='word_1_159' title='bbox 244 1798 506 1860; x_wconf 89' lang='lat' dir='ltr'><strong>maxime</strong></span> <span class='ocrx_word' id='word_1_160' title='bbox 537 1798 634 1861; x_wconf 90' lang='lat' dir='ltr'><strong>vis</strong></span> <span class='ocrx_word' id='word_1_161' title='bbox 665 1799 925 1862; x_wconf 87' lang='lat' dir='ltr'><strong>oratoris</strong></span> <span class='ocrx_word' id='word_1_162' title='bbox 955 1800 1436 1877; x_wconf 83' lang='lat' dir='ltr'><strong>magnitudoque</strong></span> <span class='ocrx_word' id='word_1_163' title='bbox 1466 1811 1777 1877; x_wconf 87' lang='lat' dir='ltr'><strong>cernatur,</strong></span> <span class='ocrx_word' id='word_1_164' title='bbox 1823 1801 1942 1862; x_wconf 91' lang='lat' dir='ltr'><strong>nisi</strong></span> <span class='ocrx_word' id='word_1_165' title='bbox 1983 1800 2090 1878; x_wconf 91' lang='lat' dir='ltr'><strong>qui</strong></span> <span class='ocrx_word' id='word_1_166' title='bbox 2116 1818 2318 1862; x_wconf 92' lang='lat' dir='ltr'><strong>rerum</strong></span> 
     </span>
     <span class='ocr_line' id='line_1_20' title="bbox 252 1882 2320 1960; baseline 0 -15"><span class='ocrx_word' id='word_1_167' title='bbox 252 1882 522 1945; x_wconf 91' lang='lat' dir='ltr'><strong>omnium</strong></span> <span class='ocrx_word' id='word_1_168' title='bbox 564 1892 868 1958; x_wconf 88' lang='lat' dir='ltr'><strong>naturam,</strong></span> <span class='ocrx_word' id='word_1_169' title='bbox 916 1901 1121 1945; x_wconf 91' lang='lat' dir='ltr'><strong>mores</strong></span> <span class='ocrx_word' id='word_1_170' title='bbox 1161 1884 1475 1945; x_wconf 92' lang='lat' dir='ltr'><strong>hominum</strong></span> <span class='ocrx_word' id='word_1_171' title='bbox 1515 1894 1702 1960; x_wconf 89' lang='lat' dir='ltr'><strong>atque</strong></span> <span class='ocrx_word' id='word_1_172' title='bbox 1735 1886 2005 1946; x_wconf 89' lang='lat' dir='ltr'><strong>rationes</strong></span> <span class='ocrx_word' id='word_1_173' title='bbox 2077 1887 2320 1959; x_wconf 89' lang='lat' dir='ltr'><strong>penitus</strong></span> 
     </span>
     <span class='ocr_line' id='line_1_21' title="bbox 246 1966 2318 2045; baseline -0.001 -16"><span class='ocrx_word' id='word_1_174' title='bbox 246 1967 665 2045; x_wconf 89' lang='lat' dir='ltr'><strong>perspexerit,</strong></span> <span class='ocrx_word' id='word_1_175' title='bbox 711 1967 774 2029; x_wconf 90' lang='lat' dir='ltr'><strong>in</strong></span> <span class='ocrx_word' id='word_1_176' title='bbox 821 1985 945 2044; x_wconf 91' lang='lat' dir='ltr'><strong>quo</strong></span> <span class='ocrx_word' id='word_1_177' title='bbox 989 1966 1387 2044; x_wconf 87' lang='lat' dir='ltr'><strong>philosophia</strong></span> <span class='ocrx_word' id='word_1_178' title='bbox 1420 1968 1500 2029; x_wconf 89' lang='lat' dir='ltr'><strong>sit</strong></span> <span class='ocrx_word' id='word_1_179' title='bbox 1535 1967 1762 2028; x_wconf 86' lang='lat' dir='ltr'><strong>oratori</strong></span> <span class='ocrx_word' id='word_1_180' title='bbox 1791 1968 2145 2029; x_wconf 88' lang='lat' dir='ltr'><strong>necessario</strong></span> <span class='ocrx_word' id='word_1_181' title='bbox 2183 1985 2318 2045; x_wconf 92' lang='lat' dir='ltr'><strong>per—</strong></span> 
     </span>
     <span class='ocr_line' id='line_1_22' title="bbox 194 2050 2318 2127; baseline 0 -17"><span class='ocrx_word' id='word_1_182' title='bbox 194 2107 197 2110; x_wconf 87' lang='lat'>.</span> <span class='ocrx_word' id='word_1_183' title='bbox 245 2051 562 2127; x_wconf 84' lang='lat' dir='ltr'><strong>cipienda;</strong></span> <span class='ocrx_word' id='word_1_184' title='bbox 596 2068 718 2127; x_wconf 92' lang='lat' dir='ltr'><strong>quo</strong></span> <span class='ocrx_word' id='word_1_185' title='bbox 748 2050 809 2112; x_wconf 91' lang='lat' dir='ltr'><strong>in</strong></span> <span class='ocrx_word' id='word_1_186' title='bbox 841 2051 1045 2113; x_wconf 90' lang='lat' dir='ltr'><strong>studio</strong></span> <span class='ocrx_word' id='word_1_187' title='bbox 1076 2051 1388 2111; x_wconf 85' lang='lat' dir='ltr'><strong>hominnm</strong></span> <span class='ocrx_word' id='word_1_188' title='bbox 1411 2067 1663 2127; x_wconf 90' lang='lat' dir='ltr'><strong>quoque</strong></span> <span class='ocrx_word' id='word_1_189' title='bbox 1685 2050 2318 2127; x_wconf 89' lang='lat' dir='ltr'><strong>ingeniosissimorum</strong></span> 
     </span>
     <span class='ocr_line' id='line_1_23' title="bbox 247 2133 2320 2214; baseline -0.002 -12"><span class='ocrx_word' id='word_1_190' title='bbox 247 2138 895 2213; x_wconf 89' lang='lat' dir='ltr'><strong>otiosissimorumque</strong></span> <span class='ocrx_word' id='word_1_191' title='bbox 965 2144 1124 2197; x_wconf 88' lang='lat' dir='ltr'><strong>totas</strong></span> <span class='ocrx_word' id='word_1_192' title='bbox 1186 2144 1420 2197; x_wconf 83' lang='lat' dir='ltr'><strong>aetates</strong></span> <span class='ocrx_word' id='word_1_193' title='bbox 1471 2134 1754 2196; x_wconf 90' lang='lat' dir='ltr'><strong>videmus</strong></span> <span class='ocrx_word' id='word_1_194' title='bbox 1804 2151 1954 2214; x_wconf 90' lang='lat' dir='ltr'><strong>esse</strong></span> <span class='ocrx_word' id='word_1_195' title='bbox 1998 2133 2320 2206; x_wconf 53' lang='lat' dir='ltr'><strong>contritam</strong></span> 
     </span>
     <span class='ocr_line' id='line_1_24' title="bbox 247 2217 2317 2296; baseline -0 -16"><span class='ocrx_word' id='word_1_196' title='bbox 247 2236 509 2295; x_wconf 91' lang='lat' dir='ltr'><strong>quorum</strong></span> <span class='ocrx_word' id='word_1_197' title='bbox 552 2237 668 2296; x_wconf 93' lang='lat' dir='ltr'><strong>ego</strong></span> <span class='ocrx_word' id='word_1_198' title='bbox 710 2219 952 2296; x_wconf 87' lang='lat' dir='ltr'><strong>copiam</strong></span> <span class='ocrx_word' id='word_1_199' title='bbox 980 2218 1586 2295; x_wconf 85' lang='lat' dir='ltr'><strong>magnitudinemque</strong></span> <span class='ocrx_word' id='word_1_200' title='bbox 1615 2217 1981 2294; x_wconf 90' lang='lat' dir='ltr'><strong>cognitionis</strong></span> <span class='ocrx_word' id='word_1_201' title='bbox 2010 2227 2195 2295; x_wconf 89' lang='lat' dir='ltr'><strong>atque</strong></span> <span class='ocrx_word' id='word_1_202' title='bbox 2225 2236 2317 2279; x_wconf 91' lang='lat' dir='ltr'><strong>ar-</strong></span> 
     </span>
     <span class='ocr_line' id='line_1_25' title="bbox 246 2302 2318 2378; baseline 0 -15"><span class='ocrx_word' id='word_1_203' title='bbox 246 2302 328 2363; x_wconf 88' lang='lat' dir='ltr'><strong>tis</strong></span> <span class='ocrx_word' id='word_1_204' title='bbox 358 2319 480 2363; x_wconf 90' lang='lat' dir='ltr'><strong>non</strong></span> <span class='ocrx_word' id='word_1_205' title='bbox 510 2305 697 2365; x_wconf 93' lang='lat' dir='ltr'><strong>modo</strong></span> <span class='ocrx_word' id='word_1_206' title='bbox 721 2320 845 2364; x_wconf 92' lang='lat' dir='ltr'><strong>non</strong></span> <span class='ocrx_word' id='word_1_207' title='bbox 870 2311 1224 2378; x_wconf 88' lang='lat' dir='ltr'><strong>contemn0‚</strong></span> <span class='ocrx_word' id='word_1_208' title='bbox 1259 2306 1370 2365; x_wconf 92' lang='lat' dir='ltr'><strong>sed</strong></span> <span class='ocrx_word' id='word_1_209' title='bbox 1397 2303 1577 2364; x_wconf 79' lang='lat' dir='ltr'><strong>etiam</strong></span> <span class='ocrx_word' id='word_1_210' title='bbox 1599 2304 1993 2365; x_wconf 86' lang='lat' dir='ltr'><strong>vehementer</strong></span> <span class='ocrx_word' id='word_1_211' title='bbox 2015 2302 2318 2374; x_wconf 85' lang='lat' dir='ltr'><strong>admiror;</strong></span> 
     </span>
     <span class='ocr_line' id='line_1_26' title="bbox 246 2386 2322 2464; baseline 0 -17"><span class='ocrx_word' id='word_1_212' title='bbox 246 2386 427 2448; x_wconf 91' lang='lat' dir='ltr'><strong>nobis</strong></span> <span class='ocrx_word' id='word_1_213' title='bbox 456 2397 689 2463; x_wconf 90' lang='lat' dir='ltr'><strong>tamen,</strong></span> <span class='ocrx_word' id='word_1_214' title='bbox 723 2387 828 2464; x_wconf 92' lang='lat' dir='ltr'><strong>qui</strong></span> <span class='ocrx_word' id='word_1_215' title='bbox 862 2388 924 2447; x_wconf 91' lang='lat' dir='ltr'><strong>in</strong></span> <span class='ocrx_word' id='word_1_216' title='bbox 958 2387 1078 2449; x_wconf 87' lang='lat' dir='ltr'><strong>hoc</strong></span> <span class='ocrx_word' id='word_1_217' title='bbox 1115 2390 1349 2463; x_wconf 89' lang='lat' dir='ltr'><strong>populo</strong></span> <span class='ocrx_word' id='word_1_218' title='bbox 1382 2389 1643 2462; x_wconf 86' lang='lat' dir='ltr'><strong>foroque</strong></span> <span class='ocrx_word' id='word_1_219' title='bbox 1668 2404 2018 2461; x_wconf 90' lang='lat' dir='ltr'><strong>versamur,</strong></span> <span class='ocrx_word' id='word_1_220' title='bbox 2047 2386 2197 2448; x_wconf 89' lang='lat' dir='ltr'><strong>satis</strong></span> <span class='ocrx_word' id='word_1_221' title='bbox 2227 2396 2322 2448; x_wconf 86' lang='lat' dir='ltr'><strong>est</strong></span> 
     </span>
     <span class='ocr_line' id='line_1_27' title="bbox 246 2470 2315 2547; baseline -0 -16"><span class='ocrx_word' id='word_1_222' title='bbox 246 2486 323 2531; x_wconf 89' lang='lat' dir='ltr'><strong>ea</strong></span> <span class='ocrx_word' id='word_1_223' title='bbox 354 2471 432 2532; x_wconf 92' lang='lat' dir='ltr'><strong>de</strong></span> <span class='ocrx_word' id='word_1_224' title='bbox 463 2472 734 2532; x_wconf 87' lang='lat' dir='ltr'><strong>moribus</strong></span> <span class='ocrx_word' id='word_1_225' title='bbox 764 2472 1078 2533; x_wconf 88' lang='lat' dir='ltr'><strong>hominum</strong></span> <span class='ocrx_word' id='word_1_226' title='bbox 1106 2479 1166 2531; x_wconf 86' lang='lat' dir='ltr'><strong>et</strong></span> <span class='ocrx_word' id='word_1_227' title='bbox 1196 2470 1356 2531; x_wconf 91' lang='lat' dir='ltr'><strong>scire</strong></span> <span class='ocrx_word' id='word_1_228' title='bbox 1392 2479 1453 2532; x_wconf 88' lang='lat' dir='ltr'><strong>et</strong></span> <span class='ocrx_word' id='word_1_229' title='bbox 1483 2470 1721 2547; x_wconf 90' lang='lat' dir='ltr'><strong>dicere,</strong></span> <span class='ocrx_word' id='word_1_230' title='bbox 1751 2487 1911 2547; x_wconf 89' lang='lat' dir='ltr'><strong>quae</strong></span> <span class='ocrx_word' id='word_1_231' title='bbox 1943 2488 2067 2531; x_wconf 92' lang='lat' dir='ltr'><strong>non</strong></span> <span class='ocrx_word' id='word_1_232' title='bbox 2096 2471 2315 2532; x_wconf 84' lang='lat' dir='ltr'><strong>abhor-</strong></span> 
     </span>
     <span class='ocr_line' id='line_1_28' title="bbox 246 2552 2323 2630; baseline 0 -17"><span class='ocrx_word' id='word_1_233' title='bbox 246 2564 384 2616; x_wconf 91' lang='lat' dir='ltr'><strong>rent</strong></span> <span class='ocrx_word' id='word_1_234' title='bbox 420 2556 498 2615; x_wconf 93' lang='lat' dir='ltr'><strong>ab</strong></span> <span class='ocrx_word' id='word_1_235' title='bbox 529 2554 842 2615; x_wconf 91' lang='lat' dir='ltr'><strong>hominum</strong></span> <span class='ocrx_word' id='word_1_236' title='bbox 869 2555 1161 2615; x_wconf 90' lang='lat' dir='ltr'><strong>moribus.</strong></span> <span class='ocrx_word' id='word_1_237' title='bbox 1219 2554 1364 2615; x_wconf 88' lang='grc'><strong>220.</strong></span> <span class='ocrx_word' id='word_1_238' title='bbox 1411 2553 1557 2627; x_wconf 81' lang='lat' dir='ltr'><strong>Quis</strong></span> <span class='ocrx_word' id='word_1_239' title='bbox 1602 2552 1762 2614; x_wconf 90' lang='lat' dir='ltr'><strong>enim</strong></span> <span class='ocrx_word' id='word_1_240' title='bbox 1796 2572 2086 2630; x_wconf 91' lang='lat' dir='ltr'><strong>umquam</strong></span> <span class='ocrx_word' id='word_1_241' title='bbox 2116 2563 2323 2616; x_wconf 89' lang='lat' dir='ltr'><strong>orator</strong></span> 
     </span>
     <span class='ocr_line' id='line_1_29' title="bbox 246 2636 2322 2715; baseline 0 -16"><span class='ocrx_word' id='word_1_242' title='bbox 246 2655 505 2713; x_wconf 87' lang='lat' dir='ltr'><strong>magnus</strong></span> <span class='ocrx_word' id='word_1_243' title='bbox 551 2649 612 2700; x_wconf 91' lang='lat' dir='ltr'><strong>et</strong></span> <span class='ocrx_word' id='word_1_244' title='bbox 653 2640 888 2715; x_wconf 82' lang='lat' dir='ltr'><strong>graviS,</strong></span> <span class='ocrx_word' id='word_1_245' title='bbox 933 2655 1121 2714; x_wconf 91' lang='lat' dir='ltr'><strong>quum</strong></span> <span class='ocrx_word' id='word_1_246' title='bbox 1163 2638 1382 2698; x_wconf 90' lang='lat' dir='ltr'><strong>iratum</strong></span> <span class='ocrx_word' id='word_1_247' title='bbox 1418 2636 1776 2698; x_wconf 88' lang='lat' dir='ltr'><strong>adversario</strong></span> <span class='ocrx_word' id='word_1_248' title='bbox 1820 2637 2084 2698; x_wconf 91' lang='lat' dir='ltr'><strong>iudicem</strong></span> <span class='ocrx_word' id='word_1_249' title='bbox 2118 2639 2322 2699; x_wconf 82' lang='lat' dir='ltr'><strong>facere</strong></span> 
     </span>
     <span class='ocr_line' id='line_1_30' title="bbox 247 2719 2322 2797; baseline -0 -15"><span class='ocrx_word' id='word_1_250' title='bbox 247 2723 460 2797; x_wconf 90' lang='lat' dir='ltr'><strong>vellet,</strong></span> <span class='ocrx_word' id='word_1_251' title='bbox 492 2721 819 2783; x_wconf 87' lang='lat' dir='ltr'><strong>haesitavit</strong></span> <span class='ocrx_word' id='word_1_252' title='bbox 846 2724 926 2784; x_wconf 91' lang='lat' dir='ltr'><strong>ob</strong></span> <span class='ocrx_word' id='word_1_253' title='bbox 958 2739 1096 2783; x_wconf 91' lang='lat' dir='ltr'><strong>eam</strong></span> <span class='ocrx_word' id='word_1_254' title='bbox 1126 2738 1408 2794; x_wconf 88' lang='lat' dir='ltr'><strong>causam,</strong></span> <span class='ocrx_word' id='word_1_255' title='bbox 1445 2721 1611 2795; x_wconf 89' lang='lat' dir='ltr'><strong>quod</strong></span> <span class='ocrx_word' id='word_1_256' title='bbox 1645 2719 1939 2794; x_wconf 88' lang='lat' dir='ltr'><strong>nesciret,</strong></span> <span class='ocrx_word' id='word_1_257' title='bbox 1974 2721 2122 2796; x_wconf 91' lang='lat' dir='ltr'><strong>quid</strong></span> <span class='ocrx_word' id='word_1_258' title='bbox 2153 2729 2322 2781; x_wconf 89' lang='lat' dir='ltr'><strong>esset</strong></span> 
     </span>
     <span class='ocr_line' id='line_1_31' title="bbox 247 2801 2322 2879; baseline -0.001 -14"><span class='ocrx_word' id='word_1_259' title='bbox 247 2803 592 2879; x_wconf 90' lang='lat' dir='ltr'><strong>iracundia,</strong></span> <span class='ocrx_word' id='word_1_260' title='bbox 640 2807 926 2868; x_wconf 79' lang='lat' dir='ltr'><strong>fervorne</strong></span> <span class='ocrx_word' id='word_1_261' title='bbox 970 2804 1190 2868; x_wconf 89' lang='lat' dir='ltr'><strong>mentis</strong></span> <span class='ocrx_word' id='word_1_262' title='bbox 1234 2823 1313 2866; x_wconf 88' lang='lat' dir='ltr'><strong>an</strong></span> <span class='ocrx_word' id='word_1_263' title='bbox 1357 2803 1661 2879; x_wconf 88' lang='lat' dir='ltr'><strong>cupiditas</strong></span> <span class='ocrx_word' id='word_1_264' title='bbox 1706 2801 2001 2878; x_wconf 91' lang='lat' dir='ltr'><strong>puniendi</strong></span> <span class='ocrx_word' id='word_1_265' title='bbox 2044 2802 2322 2863; x_wconf 64' lang='lat' dir='ltr'><strong>doloris?</strong></span> 
     </span>
     <span class='ocr_line' id='line_1_32' title="bbox 248 2884 2320 2966; baseline -0.001 -16"><span class='ocrx_word' id='word_1_266' title='bbox 248 2888 426 2964; x_wconf 79' lang='lat' dir='ltr'><strong>Quis,</strong></span> <span class='ocrx_word' id='word_1_267' title='bbox 468 2908 655 2966; x_wconf 91' lang='lat' dir='ltr'><strong>quum</strong></span> <span class='ocrx_word' id='word_1_268' title='bbox 700 2899 979 2952; x_wconf 86' lang='lat' dir='ltr'><strong>caeteros</strong></span> <span class='ocrx_word' id='word_1_269' title='bbox 1011 2891 1350 2951; x_wconf 88' lang='lat' dir='ltr'><strong>animorum</strong></span> <span class='ocrx_word' id='word_1_270' title='bbox 1379 2897 1581 2948; x_wconf 91' lang='lat' dir='ltr'><strong>motus</strong></span> <span class='ocrx_word' id='word_1_271' title='bbox 1613 2896 1718 2949; x_wconf 90' lang='lat' dir='ltr'><strong>aut</strong></span> <span class='ocrx_word' id='word_1_272' title='bbox 1744 2884 2047 2948; x_wconf 90' lang='lat' dir='ltr'><strong>iudicibus</strong></span> <span class='ocrx_word' id='word_1_273' title='bbox 2077 2897 2183 2948; x_wconf 89' lang='lat' dir='ltr'><strong>aut</strong></span> <span class='ocrx_word' id='word_1_274' title='bbox 2215 2903 2320 2963; x_wconf 88' lang='lat' dir='ltr'><strong>po-</strong></span> 
     </span>
     <span class='ocr_line' id='line_1_33' title="bbox 246 2969 2324 3050; baseline -0.003 -15"><span class='ocrx_word' id='word_1_275' title='bbox 246 2974 396 3050; x_wconf 87' lang='lat' dir='ltr'><strong>pulo</strong></span> <span class='ocrx_word' id='word_1_276' title='bbox 428 2973 691 3035; x_wconf 90' lang='lat' dir='ltr'><strong>dicendo</strong></span> <span class='ocrx_word' id='word_1_277' title='bbox 725 2973 1203 3049; x_wconf 87' lang='lat' dir='ltr'><strong>miscereatque</strong></span> <span class='ocrx_word' id='word_1_278' title='bbox 1230 2972 1460 3049; x_wconf 88' lang='lat' dir='ltr'><strong>agitare</strong></span> <span class='ocrx_word' id='word_1_279' title='bbox 1491 2972 1703 3044; x_wconf 90' lang='lat' dir='ltr'><strong>vellet,</strong></span> <span class='ocrx_word' id='word_1_280' title='bbox 1751 2988 1826 3032; x_wconf 93' lang='lat' dir='ltr'><strong>ea</strong></span> <span class='ocrx_word' id='word_1_281' title='bbox 1860 2969 2041 3045; x_wconf 86' lang='lat' dir='ltr'><strong>dixit,</strong></span> <span class='ocrx_word' id='word_1_282' title='bbox 2090 2987 2250 3047; x_wconf 90' lang='lat' dir='ltr'><strong>quae</strong></span> <span class='ocrx_word' id='word_1_283' title='bbox 2287 2987 2324 3030; x_wconf 86' lang='lat' dir='ltr'><strong>a</strong></span> 
     </span>
     <span class='ocr_line' id='line_1_34' title="bbox 247 3054 2322 3133; baseline -0.001 -17"><span class='ocrx_word' id='word_1_284' title='bbox 247 3054 636 3133; x_wconf 90' lang='lat' dir='ltr'><strong>philosophis</strong></span> <span class='ocrx_word' id='word_1_285' title='bbox 679 3055 802 3118; x_wconf 87' lang='lat' dir='ltr'><strong>dici</strong></span> <span class='ocrx_word' id='word_1_286' title='bbox 840 3061 1081 3119; x_wconf 65' lang='lat' dir='ltr'><strong>solent?</strong></span> <span class='ocrx_word' id='word_1_287' title='bbox 1134 3056 1241 3133; x_wconf 91' lang='lat' dir='ltr'><strong>qui</strong></span> <span class='ocrx_word' id='word_1_288' title='bbox 1294 3055 1514 3133; x_wconf 90' lang='lat' dir='ltr'><strong>partim</strong></span> <span class='ocrx_word' id='word_1_289' title='bbox 1558 3057 1804 3117; x_wconf 88' lang='lat' dir='ltr'><strong>omnino</strong></span> <span class='ocrx_word' id='word_1_290' title='bbox 1845 3064 2048 3117; x_wconf 89' lang='lat' dir='ltr'><strong>motus</strong></span> <span class='ocrx_word' id='word_1_291' title='bbox 2098 3063 2322 3130; x_wconf 89' lang='lat' dir='ltr'><strong>negant</strong></span> 
     </span>
     <span class='ocr_line' id='line_1_35' title="bbox 247 3137 2322 3217; baseline -0.003 -16"><span class='ocrx_word' id='word_1_292' title='bbox 247 3140 309 3201; x_wconf 92' lang='lat' dir='ltr'><strong>in</strong></span> <span class='ocrx_word' id='word_1_293' title='bbox 343 3140 558 3202; x_wconf 88' lang='lat' dir='ltr'><strong>animis</strong></span> <span class='ocrx_word' id='word_1_294' title='bbox 586 3143 747 3203; x_wconf 92' lang='lat' dir='ltr'><strong>ullos</strong></span> <span class='ocrx_word' id='word_1_295' title='bbox 777 3158 922 3202; x_wconf 90' lang='lat' dir='ltr'><strong>esse</strong></span> <span class='ocrx_word' id='word_1_296' title='bbox 956 3142 1213 3214; x_wconf 93' lang='lat' dir='ltr'><strong>debere,</strong></span> <span class='ocrx_word' id='word_1_297' title='bbox 1249 3139 1479 3217; x_wconf 91' lang='lat' dir='ltr'><strong>quique</strong></span> <span class='ocrx_word' id='word_1_298' title='bbox 1502 3157 1614 3202; x_wconf 93' lang='lat' dir='ltr'><strong>eos</strong></span> <span class='ocrx_word' id='word_1_299' title='bbox 1638 3139 1701 3199; x_wconf 92' lang='lat' dir='ltr'><strong>in</strong></span> <span class='ocrx_word' id='word_1_300' title='bbox 1728 3138 1997 3201; x_wconf 88' lang='lat' dir='ltr'><strong>iudicum</strong></span> <span class='ocrx_word' id='word_1_301' title='bbox 2018 3137 2322 3198; x_wconf 89' lang='lat' dir='ltr'><strong>mentibus</strong></span> 
     </span>
     <span class='ocr_line' id='line_1_36' title="bbox 249 3219 2321 3299; baseline -0.003 -14"><span class='ocrx_word' id='word_1_302' title='bbox 249 3222 589 3299; x_wconf 85' lang='lat' dir='ltr'><strong>concitent,</strong></span> <span class='ocrx_word' id='word_1_303' title='bbox 620 3227 826 3287; x_wconf 88' lang='lat' dir='ltr'><strong>scelus</strong></span> <span class='ocrx_word' id='word_1_304' title='bbox 857 3241 970 3286; x_wconf 96' lang='lat' dir='ltr'><strong>eos</strong></span> <span class='ocrx_word' id='word_1_305' title='bbox 1001 3223 1300 3285; x_wconf 84' lang='lat' dir='ltr'><strong>nefarium</strong></span> <span class='ocrx_word' id='word_1_306' title='bbox 1332 3225 1567 3295; x_wconf 78' lang='lat' dir='ltr'><strong>facere3</strong></span> <span class='ocrx_word' id='word_1_307' title='bbox 1611 3222 1863 3299; x_wconf 88' lang='lat' dir='ltr'><strong>partim,</strong></span> <span class='ocrx_word' id='word_1_308' title='bbox 1902 3221 2008 3299; x_wconf 86' lang='lat' dir='ltr'><strong>qui</strong></span> <span class='ocrx_word' id='word_1_309' title='bbox 2037 3219 2321 3282; x_wconf 86' lang='lat' dir='ltr'><strong>tolerabi-</strong></span> 
     </span>
     <span class='ocr_line' id='line_1_37' title="bbox 247 3304 2323 3381; baseline -0.003 -12"><span class='ocrx_word' id='word_1_310' title='bbox 247 3306 437 3369; x_wconf 87' lang='lat' dir='ltr'><strong>liores</strong></span> <span class='ocrx_word' id='word_1_311' title='bbox 479 3310 694 3370; x_wconf 88' lang='lat' dir='ltr'><strong>volunt</strong></span> <span class='ocrx_word' id='word_1_312' title='bbox 732 3324 878 3370; x_wconf 89' lang='lat' dir='ltr'><strong>esse</strong></span> <span class='ocrx_word' id='word_1_313' title='bbox 919 3316 981 3369; x_wconf 90' lang='lat' dir='ltr'><strong>et</strong></span> <span class='ocrx_word' id='word_1_314' title='bbox 1021 3309 1103 3369; x_wconf 91' lang='lat' dir='ltr'><strong>ad</strong></span> <span class='ocrx_word' id='word_1_315' title='bbox 1147 3307 1461 3369; x_wconf 85' lang='lat' dir='ltr'><strong>veritatem</strong></span> <span class='ocrx_word' id='word_1_316' title='bbox 1503 3307 1667 3368; x_wconf 89' lang='lat' dir='ltr'><strong>vitae</strong></span> <span class='ocrx_word' id='word_1_317' title='bbox 1710 3304 1970 3381; x_wconf 92' lang='lat' dir='ltr'><strong>propius</strong></span> <span class='ocrx_word' id='word_1_318' title='bbox 2001 3304 2323 3379; x_wconf 87' lang='lat' dir='ltr'><strong>accedere,</strong></span> 
     </span>
     <span class='ocr_line' id='line_1_38' title="bbox 247 3387 2317 3468; baseline -0.002 -17"><span class='ocrx_word' id='word_1_319' title='bbox 247 3391 709 3467; x_wconf 89' lang='lat' dir='ltr'><strong>permediocres</strong></span> <span class='ocrx_word' id='word_1_320' title='bbox 758 3409 832 3454; x_wconf 84' lang='lat' dir='ltr'><strong>ac</strong></span> <span class='ocrx_word' id='word_1_321' title='bbox 885 3391 1094 3468; x_wconf 92' lang='lat' dir='ltr'><strong>potius</strong></span> <span class='ocrx_word' id='word_1_322' title='bbox 1144 3392 1318 3453; x_wconf 89' lang='lat' dir='ltr'><strong>leves</strong></span> <span class='ocrx_word' id='word_1_323' title='bbox 1376 3402 1578 3453; x_wconf 91' lang='lat' dir='ltr'><strong>motus</strong></span> <span class='ocrx_word' id='word_1_324' title='bbox 1632 3389 1860 3449; x_wconf 91' lang='lat' dir='ltr'><strong>debere</strong></span> <span class='ocrx_word' id='word_1_325' title='bbox 1903 3405 2048 3449; x_wconf 88' lang='lat' dir='ltr'><strong>esse</strong></span> <span class='ocrx_word' id='word_1_326' title='bbox 2090 3387 2317 3450; x_wconf 90' lang='lat' dir='ltr'><strong>dicunt.</strong></span> 
     </span>
     <span class='ocr_line' id='line_1_39' title="bbox 246 3471 2318 3548; baseline -0.002 -12"><span class='ocrx_word' id='word_1_327' title='bbox 246 3473 367 3537; x_wconf 82' lang='grc'><strong>221</strong></span> <span class='ocrx_word' id='word_1_328' title='bbox 438 3474 652 3536; x_wconf 84' lang='lat' dir='ltr'><strong>Orator</strong></span> <span class='ocrx_word' id='word_1_329' title='bbox 696 3486 892 3536; x_wconf 85' lang='lat' dir='ltr'><strong>autem</strong></span> <span class='ocrx_word' id='word_1_330' title='bbox 940 3475 1143 3535; x_wconf 89' lang='lat' dir='ltr'><strong>omnia</strong></span> <span class='ocrx_word' id='word_1_331' title='bbox 1172 3474 1359 3543; x_wconf 87' lang='lat' dir='ltr'><strong>haec,</strong></span> <span class='ocrx_word' id='word_1_332' title='bbox 1409 3492 1565 3548; x_wconf 89' lang='lat' dir='ltr'><strong>quae</strong></span> <span class='ocrx_word' id='word_1_333' title='bbox 1608 3480 1894 3545; x_wconf 84' lang='lat' dir='ltr'><strong>putantur</strong></span> <span class='ocrx_word' id='word_1_334' title='bbox 1922 3471 1984 3533; x_wconf 89' lang='lat' dir='ltr'><strong>in</strong></span> <span class='ocrx_word' id='word_1_335' title='bbox 2015 3472 2318 3534; x_wconf 82' lang='lat' dir='ltr'><strong>communi</strong></span> 
     </span>
    </p>
   </div>
  </div>
 </body>
</html>
