<?xml version="1.0" encoding="UTF-8"?>
<!DOCTYPE html PUBLIC "-//W3C//DTD XHTML 1.0 Transitional//EN"
    "http://www.w3.org/TR/xhtml1/DTD/xhtml1-transitional.dtd">
<html xmlns="http://www.w3.org/1999/xhtml" xml:lang="en" lang="en">
 <head>
  <title>
</title>
<meta http-equiv="Content-Type" content="text/html;charset=utf-8" />
  <meta name='ocr-system' content='tesseract 3.04.00' />
  <meta name='ocr-capabilities' content='ocr_page ocr_carea ocr_par ocr_line ocrx_word'/>
</head>
<body>
  <div class='ocr_page' id='page_1' title='image "./deoratorelibrit01cicegoog_0093.png"; bbox 0 0 2622 3908; ppageno 0'>
   <div class='ocr_carea' id='block_1_1' title="bbox 665 238 2297 318">
    <p class='ocr_par' dir='ltr' id='par_1_1' title="bbox 665 238 2297 318">
     <span class='ocr_line' id='line_1_1' title="bbox 665 238 2297 318; baseline 0.014 -22"><span class='ocrx_word' id='word_1_1' title='bbox 665 238 906 298; x_wconf 84' lang='lat' dir='ltr'>LIB.11.</span> <span class='ocrx_word' id='word_1_2' title='bbox 953 240 1116 300; x_wconf 84' lang='lat' dir='ltr'>cAP.</span> <span class='ocrx_word' id='word_1_3' title='bbox 1143 251 1212 304; x_wconf 84' lang='lat'>29</span> <span class='ocrx_word' id='word_1_4' title='bbox 1232 278 1302 287; x_wconf 94' lang='lat'>—</span> <span class='ocrx_word' id='word_1_5' title='bbox 1322 253 1409 306; x_wconf 82' lang='lat'>31.</span> <span class='ocrx_word' id='word_1_6' title='bbox 1454 251 1509 312; x_wconf 79' lang='lat' dir='ltr'>s.</span> <span class='ocrx_word' id='word_1_7' title='bbox 1531 254 1864 311; x_wconf 81' lang='lat'>126—134.</span> <span class='ocrx_word' id='word_1_8' title='bbox 2212 254 2297 318; x_wconf 80' lang='lat'>89</span> 
     </span>
    </p>
   </div>
   <div class='ocr_carea' id='block_1_2' title="bbox 144 386 2296 3563">
    <p class='ocr_par' dir='ltr' id='par_1_2' title="bbox 202 386 2296 1280">
     <span class='ocr_line' id='line_1_2' title="bbox 216 386 2296 482; baseline 0.011 -37"><span class='ocrx_word' id='word_1_9' title='bbox 216 386 315 447; x_wconf 89' lang='lat' dir='ltr'>vel</span> <span class='ocrx_word' id='word_1_10' title='bbox 344 402 501 460; x_wconf 87' lang='lat' dir='ltr'>usu,</span> <span class='ocrx_word' id='word_1_11' title='bbox 549 404 732 462; x_wconf 87' lang='lat' dir='ltr'>quem</span> <span class='ocrx_word' id='word_1_12' title='bbox 762 398 931 452; x_wconf 88' lang='lat' dir='ltr'>aetas</span> <span class='ocrx_word' id='word_1_13' title='bbox 965 391 1232 467; x_wconf 91' lang='lat' dir='ltr'>denique</span> <span class='ocrx_word' id='word_1_14' title='bbox 1261 395 1491 470; x_wconf 80' lang='lat' dir='ltr'><strong>adfert,</strong></span> <span class='ocrx_word' id='word_1_15' title='bbox 1542 399 1638 457; x_wconf 89' lang='lat' dir='ltr'>vel</span> <span class='ocrx_word' id='word_1_16' title='bbox 1682 399 1994 463; x_wconf 76' lang='lat' dir='ltr'>auditione</span> <span class='ocrx_word' id='word_1_17' title='bbox 2030 413 2091 465; x_wconf 90' lang='lat' dir='ltr'>et</span> <span class='ocrx_word' id='word_1_18' title='bbox 2128 406 2296 482; x_wconf 86' lang='lat' dir='ltr'>cogi-</span> 
     </span>
     <span class='ocr_line' id='line_1_3' title="bbox 217 466 2295 555; baseline 0.011 -26"><span class='ocrx_word' id='word_1_19' title='bbox 217 466 480 544; x_wconf 80' lang='lat' dir='ltr'><strong>tatione,</strong></span> <span class='ocrx_word' id='word_1_20' title='bbox 531 487 692 545; x_wconf 86' lang='lat' dir='ltr'>quae</span> <span class='ocrx_word' id='word_1_21' title='bbox 741 472 943 534; x_wconf 91' lang='lat' dir='ltr'>studio</span> <span class='ocrx_word' id='word_1_22' title='bbox 992 483 1053 536; x_wconf 93' lang='lat' dir='ltr'>et</span> <span class='ocrx_word' id='word_1_23' title='bbox 1087 475 1401 552; x_wconf 81' lang='lat' dir='ltr'>diligentia</span> <span class='ocrx_word' id='word_1_24' title='bbox 1434 483 1772 555; x_wconf 87' lang='lat' dir='ltr'>praecurrit</span> <span class='ocrx_word' id='word_1_25' title='bbox 1805 493 2085 548; x_wconf 90' lang='lat' dir='ltr'>aetatem.</span> <span class='ocrx_word' id='word_1_26' title='bbox 2143 489 2295 551; x_wconf 89' lang='lat' dir='ltr'>Nam</span> 
     </span>
     <span class='ocr_line' id='line_1_4' title="bbox 217 550 2291 647; baseline 0.011 -35"><span class='ocrx_word' id='word_1_27' title='bbox 217 550 268 612; x_wconf 88' lang='lat' dir='ltr'>si</span> <span class='ocrx_word' id='word_1_28' title='bbox 302 560 365 613; x_wconf 87' lang='lat' dir='ltr'>tu</span> <span class='ocrx_word' id='word_1_29' title='bbox 412 551 559 612; x_wconf 90' lang='lat' dir='ltr'>mihi</span> <span class='ocrx_word' id='word_1_30' title='bbox 595 555 877 629; x_wconf 90' lang='lat' dir='ltr'>quamvis</span> <span class='ocrx_word' id='word_1_31' title='bbox 909 559 1206 620; x_wconf 88' lang='lat' dir='ltr'>eruditum</span> <span class='ocrx_word' id='word_1_32' title='bbox 1246 561 1558 624; x_wconf 88' lang='lat' dir='ltr'>hominem</span> <span class='ocrx_word' id='word_1_33' title='bbox 1593 567 1961 645; x_wconf 82' lang='lat' dir='ltr'>adduxeris,</span> <span class='ocrx_word' id='word_1_34' title='bbox 2011 573 2291 647; x_wconf 81' lang='lat' dir='ltr'>quamvis</span> 
     </span>
     <span class='ocr_line' id='line_1_5' title="bbox 214 638 2290 726; baseline 0.016 -34"><span class='ocrx_word' id='word_1_35' title='bbox 214 650 420 695; x_wconf 87' lang='lat' dir='ltr'>acrem</span> <span class='ocrx_word' id='word_1_36' title='bbox 455 643 515 697; x_wconf 90' lang='lat' dir='ltr'>et</span> <span class='ocrx_word' id='word_1_37' title='bbox 547 646 792 700; x_wconf 88' lang='lat' dir='ltr'>acutum</span> <span class='ocrx_word' id='word_1_38' title='bbox 828 638 890 699; x_wconf 90' lang='lat' dir='ltr'>in</span> <span class='ocrx_word' id='word_1_39' title='bbox 927 642 1285 719; x_wconf 86' lang='lat' dir='ltr'>cogitando,</span> <span class='ocrx_word' id='word_1_40' title='bbox 1327 646 1607 721; x_wconf 90' lang='lat' dir='ltr'>quamvis</span> <span class='ocrx_word' id='word_1_41' title='bbox 1645 650 1724 709; x_wconf 89' lang='lat' dir='ltr'>ad</span> <span class='ocrx_word' id='word_1_42' title='bbox 1766 656 2290 726; x_wconf 86' lang='lat' dir='ltr'>pronuntiandum</span> 
     </span>
     <span class='ocr_line' id='line_1_6' title="bbox 215 716 2289 810; baseline 0.012 -34"><span class='ocrx_word' id='word_1_43' title='bbox 215 716 605 795; x_wconf 86' lang='lat' dir='ltr'>expeditum,</span> <span class='ocrx_word' id='word_1_44' title='bbox 635 720 689 782; x_wconf 90' lang='lat' dir='ltr'>si</span> <span class='ocrx_word' id='word_1_45' title='bbox 726 722 840 784; x_wconf 90' lang='lat' dir='ltr'>erit</span> <span class='ocrx_word' id='word_1_46' title='bbox 872 722 1034 786; x_wconf 90' lang='lat' dir='ltr'>idem</span> <span class='ocrx_word' id='word_1_47' title='bbox 1069 725 1130 786; x_wconf 91' lang='lat' dir='ltr'>in</span> <span class='ocrx_word' id='word_1_48' title='bbox 1167 729 1616 791; x_wconf 88' lang='lat' dir='ltr'>consuetudine</span> <span class='ocrx_word' id='word_1_49' title='bbox 1646 730 1940 810; x_wconf 82' lang='lat' dir='ltr'>civitatiS,</span> <span class='ocrx_word' id='word_1_50' title='bbox 1989 735 2049 797; x_wconf 92' lang='lat' dir='ltr'>in</span> <span class='ocrx_word' id='word_1_51' title='bbox 2083 754 2289 800; x_wconf 87' lang='lat' dir='ltr'>exem-</span> 
     </span>
     <span class='ocr_line' id='line_1_7' title="bbox 211 800 2286 883; baseline 0.012 -24"><span class='ocrx_word' id='word_1_52' title='bbox 211 800 362 875; x_wconf 91' lang='lat' dir='ltr'>plis,</span> <span class='ocrx_word' id='word_1_53' title='bbox 400 800 463 860; x_wconf 90' lang='lat' dir='ltr'>in</span> <span class='ocrx_word' id='word_1_54' title='bbox 494 801 815 879; x_wconf 81' lang='lat' dir='ltr'>institutiS,</span> <span class='ocrx_word' id='word_1_55' title='bbox 850 806 913 866; x_wconf 90' lang='lat' dir='ltr'>in</span> <span class='ocrx_word' id='word_1_56' title='bbox 943 810 1216 871; x_wconf 87' lang='lat' dir='ltr'>moribus</span> <span class='ocrx_word' id='word_1_57' title='bbox 1249 829 1324 873; x_wconf 91' lang='lat' dir='ltr'>ac</span> <span class='ocrx_word' id='word_1_58' title='bbox 1346 814 1761 877; x_wconf 89' lang='lat' dir='ltr'>voluntatibus</span> <span class='ocrx_word' id='word_1_59' title='bbox 1788 817 2011 879; x_wconf 89' lang='lat' dir='ltr'>civium</span> <span class='ocrx_word' id='word_1_60' title='bbox 2036 837 2286 883; x_wconf 88' lang='lat' dir='ltr'>suorum</span> 
     </span>
     <span class='ocr_line' id='line_1_8' title="bbox 210 883 2284 980; baseline 0.012 -38"><span class='ocrx_word' id='word_1_61' title='bbox 210 883 481 961; x_wconf 83' lang='lat' dir='ltr'>hospeS,</span> <span class='ocrx_word' id='word_1_62' title='bbox 525 904 649 948; x_wconf 89' lang='lat' dir='ltr'>non</span> <span class='ocrx_word' id='word_1_63' title='bbox 679 891 930 951; x_wconf 90' lang='lat' dir='ltr'>multum</span> <span class='ocrx_word' id='word_1_64' title='bbox 966 893 1022 952; x_wconf 90' lang='lat' dir='ltr'>ei</span> <span class='ocrx_word' id='word_1_65' title='bbox 1050 892 1170 954; x_wconf 91' lang='lat' dir='ltr'>loci</span> <span class='ocrx_word' id='word_1_66' title='bbox 1201 897 1544 969; x_wconf 87' lang='lat' dir='ltr'>proderunt</span> <span class='ocrx_word' id='word_1_67' title='bbox 1577 898 1692 968; x_wconf 87' lang='lat' dir='ltr'>illi,</span> <span class='ocrx_word' id='word_1_68' title='bbox 1733 917 1813 961; x_wconf 87' lang='lat' dir='ltr'>ex</span> <span class='ocrx_word' id='word_1_69' title='bbox 1853 901 2076 976; x_wconf 92' lang='lat' dir='ltr'>quibus</span> <span class='ocrx_word' id='word_1_70' title='bbox 2107 922 2284 980; x_wconf 85' lang='lat' dir='ltr'>argu-</span> 
     </span>
     <span class='ocr_line' id='line_1_9' title="bbox 212 975 2283 1063; baseline 0.01 -35"><span class='ocrx_word' id='word_1_71' title='bbox 212 976 419 1029; x_wconf 88' lang='lat' dir='ltr'>menta</span> <span class='ocrx_word' id='word_1_72' title='bbox 466 981 846 1044; x_wconf 91' lang='lat' dir='ltr'>promuntur.</span> <span class='ocrx_word' id='word_1_73' title='bbox 910 975 1175 1039; x_wconf 88' lang='lat' dir='ltr'>Subacto</span> <span class='ocrx_word' id='word_1_74' title='bbox 1207 979 1355 1040; x_wconf 87' lang='lat' dir='ltr'>mihi</span> <span class='ocrx_word' id='word_1_75' title='bbox 1386 980 1630 1057; x_wconf 89' lang='lat' dir='ltr'>ingenio</span> <span class='ocrx_word' id='word_1_76' title='bbox 1664 1001 1824 1058; x_wconf 91' lang='lat' dir='ltr'>opus</span> <span class='ocrx_word' id='word_1_77' title='bbox 1860 995 1985 1061; x_wconf 90' lang='lat' dir='ltr'>est,</span> <span class='ocrx_word' id='word_1_78' title='bbox 2034 994 2100 1048; x_wconf 91' lang='lat' dir='ltr'>ut</span> <span class='ocrx_word' id='word_1_79' title='bbox 2132 1002 2283 1063; x_wconf 82' lang='lat' dir='ltr'>agro</span> 
     </span>
     <span class='ocr_line' id='line_1_10' title="bbox 204 1057 2292 1143; baseline 0.009 -33"><span class='ocrx_word' id='word_1_80' title='bbox 204 1068 326 1112; x_wconf 89' lang='lat' dir='ltr'>non</span> <span class='ocrx_word' id='word_1_81' title='bbox 373 1057 568 1114; x_wconf 89' lang='lat' dir='ltr'>semel</span> <span class='ocrx_word' id='word_1_82' title='bbox 602 1062 807 1132; x_wconf 84' lang='lat' dir='ltr'>arato,</span> <span class='ocrx_word' id='word_1_83' title='bbox 851 1059 964 1120; x_wconf 90' lang='lat' dir='ltr'>sed</span> <span class='ocrx_word' id='word_1_84' title='bbox 993 1059 1242 1136; x_wconf 86' lang='lat' dir='ltr'>iterato,</span> <span class='ocrx_word' id='word_1_85' title='bbox 1295 1083 1420 1139; x_wconf 92' lang='lat' dir='ltr'>quo</span> <span class='ocrx_word' id='word_1_86' title='bbox 1462 1067 1753 1128; x_wconf 91' lang='lat' dir='ltr'>meliores</span> <span class='ocrx_word' id='word_1_87' title='bbox 1795 1069 1956 1128; x_wconf 82' lang='lat' dir='ltr'>fetus</span> <span class='ocrx_word' id='word_1_88' title='bbox 2000 1071 2206 1143; x_wconf 83' lang='lat' dir='ltr'>possit</span> <span class='ocrx_word' id='word_1_89' title='bbox 2233 1078 2292 1129; x_wconf 88' lang='lat' dir='ltr'>et</span> 
     </span>
     <span class='ocr_line' id='line_1_11' title="bbox 203 1136 2289 1226; baseline 0.01 -33"><span class='ocrx_word' id='word_1_90' title='bbox 203 1136 572 1211; x_wconf 84' lang='lat' dir='ltr'>grandiores</span> <span class='ocrx_word' id='word_1_91' title='bbox 607 1140 813 1202; x_wconf 88' lang='lat' dir='ltr'>edere.</span> <span class='ocrx_word' id='word_1_92' title='bbox 874 1142 1168 1206; x_wconf 89' lang='lat' dir='ltr'>Subactio</span> <span class='ocrx_word' id='word_1_93' title='bbox 1201 1156 1406 1209; x_wconf 89' lang='lat' dir='ltr'>autem</span> <span class='ocrx_word' id='word_1_94' title='bbox 1438 1158 1534 1210; x_wconf 91' lang='lat' dir='ltr'>est</span> <span class='ocrx_word' id='word_1_95' title='bbox 1566 1167 1747 1224; x_wconf 75' lang='lat' dir='ltr'>us11S,</span> <span class='ocrx_word' id='word_1_96' title='bbox 1784 1151 2045 1223; x_wconf 80' lang='lat' dir='ltr'>auditio,</span> <span class='ocrx_word' id='word_1_97' title='bbox 2087 1151 2289 1226; x_wconf 89' lang='lat' dir='ltr'>lectio,</span> 
     </span>
     <span class='ocr_line' id='line_1_12' title="bbox 202 1218 466 1280; baseline 0.015 -4"><span class='ocrx_word' id='word_1_98' title='bbox 202 1218 466 1280; x_wconf 85' lang='lat' dir='ltr'>litterae.</span> 
     </span>
    </p>

    <p class='ocr_par' dir='ltr' id='par_1_3' title="bbox 144 1305 2279 3563">
     <span class='ocr_line' id='line_1_13' title="bbox 375 1305 2270 1395; baseline 0.007 -29"><span class='ocrx_word' id='word_1_99' title='bbox 375 1305 516 1368; x_wconf 81' lang='lat'>132.</span> <span class='ocrx_word' id='word_1_100' title='bbox 561 1309 655 1368; x_wconf 86' lang='lat' dir='ltr'>Ac</span> <span class='ocrx_word' id='word_1_101' title='bbox 700 1308 962 1385; x_wconf 89' lang='lat' dir='ltr'>primum</span> <span class='ocrx_word' id='word_1_102' title='bbox 1011 1322 1287 1374; x_wconf 88' lang='lat' dir='ltr'>naturam</span> <span class='ocrx_word' id='word_1_103' title='bbox 1329 1330 1554 1377; x_wconf 90' lang='lat' dir='ltr'>causae</span> <span class='ocrx_word' id='word_1_104' title='bbox 1602 1316 1840 1395; x_wconf 87' lang='lat' dir='ltr'>videat,</span> <span class='ocrx_word' id='word_1_105' title='bbox 1898 1335 2059 1394; x_wconf 91' lang='lat' dir='ltr'>quae</span> <span class='ocrx_word' id='word_1_106' title='bbox 2101 1336 2270 1380; x_wconf 87' lang='lat' dir='ltr'>num-</span> 
     </span>
     <span class='ocr_line' id='line_1_14' title="bbox 203 1391 2267 1480; baseline 0.008 -30"><span class='ocrx_word' id='word_1_107' title='bbox 203 1405 387 1465; x_wconf 87' lang='lat' dir='ltr'>quam</span> <span class='ocrx_word' id='word_1_108' title='bbox 421 1391 596 1467; x_wconf 89' lang='lat' dir='ltr'>latet,</span> <span class='ocrx_word' id='word_1_109' title='bbox 641 1393 946 1467; x_wconf 86' lang='lat' dir='ltr'>factumne</span> <span class='ocrx_word' id='word_1_110' title='bbox 981 1394 1060 1457; x_wconf 88' lang='lat' dir='ltr'>sit</span> <span class='ocrx_word' id='word_1_111' title='bbox 1096 1406 1453 1472; x_wconf 78' lang='lat' dir='ltr'>quaeratur,</span> <span class='ocrx_word' id='word_1_112' title='bbox 1501 1416 1577 1460; x_wconf 91' lang='lat' dir='ltr'>an</span> <span class='ocrx_word' id='word_1_113' title='bbox 1618 1403 1800 1476; x_wconf 91' lang='lat' dir='ltr'>quale</span> <span class='ocrx_word' id='word_1_114' title='bbox 1836 1399 1945 1478; x_wconf 87' lang='lat' dir='ltr'>sit,</span> <span class='ocrx_word' id='word_1_115' title='bbox 1992 1419 2069 1462; x_wconf 93' lang='lat' dir='ltr'>an</span> <span class='ocrx_word' id='word_1_116' title='bbox 2103 1403 2267 1480; x_wconf 68' lang='lat' dir='ltr'>quod</span> 
     </span>
     <span class='ocr_line' id='line_1_15' title="bbox 200 1472 2268 1564; baseline 0.009 -33"><span class='ocrx_word' id='word_1_117' title='bbox 200 1489 425 1534; x_wconf 90' lang='lat' dir='ltr'>nomen</span> <span class='ocrx_word' id='word_1_118' title='bbox 462 1472 711 1547; x_wconf 80' lang='lat' dir='ltr'>habeat3</span> <span class='ocrx_word' id='word_1_119' title='bbox 762 1495 885 1552; x_wconf 90' lang='lat' dir='ltr'>quo</span> <span class='ocrx_word' id='word_1_120' title='bbox 920 1489 1252 1555; x_wconf 90' lang='lat' dir='ltr'>perspecto</span> <span class='ocrx_word' id='word_1_121' title='bbox 1287 1482 1490 1543; x_wconf 89' lang='lat' dir='ltr'>statim</span> <span class='ocrx_word' id='word_1_122' title='bbox 1533 1484 1799 1546; x_wconf 91' lang='lat' dir='ltr'>occurrit</span> <span class='ocrx_word' id='word_1_123' title='bbox 1826 1485 2084 1548; x_wconf 83' lang='lat' dir='ltr'>naturali</span> <span class='ocrx_word' id='word_1_124' title='bbox 2120 1505 2268 1564; x_wconf 88' lang='lat' dir='ltr'>qua-</span> 
     </span>
     <span class='ocr_line' id='line_1_16' title="bbox 199 1555 2267 1646; baseline 0.008 -31"><span class='ocrx_word' id='word_1_125' title='bbox 199 1555 341 1616; x_wconf 89' lang='lat' dir='ltr'>dam</span> <span class='ocrx_word' id='word_1_126' title='bbox 382 1558 737 1634; x_wconf 84' lang='lat' dir='ltr'>prudentia,</span> <span class='ocrx_word' id='word_1_127' title='bbox 781 1577 904 1622; x_wconf 92' lang='lat' dir='ltr'>non</span> <span class='ocrx_word' id='word_1_128' title='bbox 952 1561 1049 1624; x_wconf 92' lang='lat' dir='ltr'>his</span> <span class='ocrx_word' id='word_1_129' title='bbox 1092 1565 1637 1644; x_wconf 88' lang='lat' dir='ltr'>subductionibus,</span> <span class='ocrx_word' id='word_1_130' title='bbox 1682 1586 1837 1645; x_wconf 89' lang='lat' dir='ltr'>quas</span> <span class='ocrx_word' id='word_1_131' title='bbox 1884 1569 1984 1632; x_wconf 90' lang='lat' dir='ltr'>isti</span> <span class='ocrx_word' id='word_1_132' title='bbox 2026 1571 2267 1646; x_wconf 79' lang='lat' dir='ltr'>docent,</span> 
     </span>
     <span class='ocr_line' id='line_1_17' title="bbox 202 1638 2270 1724; baseline 0.008 -25"><span class='ocrx_word' id='word_1_133' title='bbox 202 1638 351 1714; x_wconf 89' lang='lat' dir='ltr'>quid</span> <span class='ocrx_word' id='word_1_134' title='bbox 388 1641 570 1702; x_wconf 81' lang='lat' dir='ltr'>saciat</span> <span class='ocrx_word' id='word_1_135' title='bbox 605 1658 887 1718; x_wconf 89' lang='lat' dir='ltr'>causam,</span> <span class='ocrx_word' id='word_1_136' title='bbox 936 1643 999 1705; x_wconf 92' lang='lat' dir='ltr'>id</span> <span class='ocrx_word' id='word_1_137' title='bbox 1034 1655 1160 1723; x_wconf 91' lang='lat' dir='ltr'>est,</span> <span class='ocrx_word' id='word_1_138' title='bbox 1209 1666 1332 1724; x_wconf 91' lang='lat' dir='ltr'>quo</span> <span class='ocrx_word' id='word_1_139' title='bbox 1370 1652 1612 1713; x_wconf 90' lang='lat' dir='ltr'>sublato</span> <span class='ocrx_word' id='word_1_140' title='bbox 1648 1653 2072 1714; x_wconf 89' lang='lat' dir='ltr'>controversia</span> <span class='ocrx_word' id='word_1_141' title='bbox 2105 1663 2270 1715; x_wconf 91' lang='lat' dir='ltr'>stare</span> 
     </span>
     <span class='ocr_line' id='line_1_18' title="bbox 198 1723 2267 1811; baseline 0.008 -31"><span class='ocrx_word' id='word_1_142' title='bbox 198 1738 321 1782; x_wconf 89' lang='lat' dir='ltr'>non</span> <span class='ocrx_word' id='word_1_143' title='bbox 371 1723 602 1798; x_wconf 86' lang='lat' dir='ltr'>possit;</span> <span class='ocrx_word' id='word_1_144' title='bbox 654 1726 879 1788; x_wconf 90' lang='lat' dir='ltr'>deinde</span> <span class='ocrx_word' id='word_1_145' title='bbox 920 1727 1324 1803; x_wconf 86' lang='lat' dir='ltr'>quidveniat</span> <span class='ocrx_word' id='word_1_146' title='bbox 1351 1732 1412 1792; x_wconf 92' lang='lat' dir='ltr'>in</span> <span class='ocrx_word' id='word_1_147' title='bbox 1453 1733 1775 1808; x_wconf 89' lang='lat' dir='ltr'>iudicium,</span> <span class='ocrx_word' id='word_1_148' title='bbox 1828 1737 1994 1811; x_wconf 90' lang='lat' dir='ltr'>quod</span> <span class='ocrx_word' id='word_1_149' title='bbox 2041 1736 2142 1796; x_wconf 90' lang='lat' dir='ltr'>isti</span> <span class='ocrx_word' id='word_1_150' title='bbox 2178 1737 2267 1797; x_wconf 93' lang='lat' dir='ltr'>sic</span> 
     </span>
     <span class='ocr_line' id='line_1_19' title="bbox 197 1804 2269 1892; baseline 0.007 -28"><span class='ocrx_word' id='word_1_151' title='bbox 197 1804 409 1866; x_wconf 90' lang='lat' dir='ltr'>iubent</span> <span class='ocrx_word' id='word_1_152' title='bbox 453 1823 781 1881; x_wconf 82' lang='lat' dir='ltr'>quaerere=</span> <span class='ocrx_word' id='word_1_153' title='bbox 825 1811 1134 1874; x_wconf 86' lang='lat' dir='ltr'>Interfecit</span> <span class='ocrx_word' id='word_1_154' title='bbox 1175 1814 1450 1890; x_wconf 88' lang='lat' dir='ltr'>Opimius</span> <span class='ocrx_word' id='word_1_155' title='bbox 1492 1817 1851 1886; x_wconf 80' lang='lat' dir='ltr'>Gracchum.</span> <span class='ocrx_word' id='word_1_156' title='bbox 1929 1818 2082 1892; x_wconf 85' lang='lat' dir='ltr'>Quid</span> <span class='ocrx_word' id='word_1_157' title='bbox 2127 1821 2269 1879; x_wconf 77' lang='lat' dir='ltr'>facit</span> 
     </span>
     <span class='ocr_line' id='line_1_20' title="bbox 198 1893 2265 1975; baseline 0.008 -28"><span class='ocrx_word' id='word_1_158' title='bbox 198 1897 495 1949; x_wconf 69' lang='lat' dir='ltr'>causam?</span> <span class='ocrx_word' id='word_1_159' title='bbox 537 1893 707 1967; x_wconf 91' lang='lat' dir='ltr'>quod</span> <span class='ocrx_word' id='word_1_160' title='bbox 756 1893 846 1954; x_wconf 88' lang='lat' dir='ltr'>rei</span> <span class='ocrx_word' id='word_1_161' title='bbox 896 1895 1181 1971; x_wconf 90' lang='lat' dir='ltr'>publicae</span> <span class='ocrx_word' id='word_1_162' title='bbox 1223 1913 1414 1959; x_wconf 90' lang='lat' dir='ltr'>causa</span> <span class='ocrx_word' id='word_1_163' title='bbox 1493 1917 1678 1975; x_wconf 91' lang='lat' dir='ltr'>quum</span> <span class='ocrx_word' id='word_1_164' title='bbox 1721 1918 1802 1962; x_wconf 85' lang='lat' dir='ltr'>ex</span> <span class='ocrx_word' id='word_1_165' title='bbox 1837 1908 2087 1963; x_wconf 88' lang='lat' dir='ltr'>senatus</span> <span class='ocrx_word' id='word_1_166' title='bbox 2120 1917 2265 1963; x_wconf 91' lang='lat' dir='ltr'>con-</span> 
     </span>
     <span class='ocr_line' id='line_1_21' title="bbox 194 1972 2279 2051; baseline 0.007 -21"><span class='ocrx_word' id='word_1_167' title='bbox 194 1972 361 2031; x_wconf 88' lang='lat' dir='ltr'>sulto</span> <span class='ocrx_word' id='word_1_168' title='bbox 409 1972 489 2032; x_wconf 91' lang='lat' dir='ltr'>ad</span> <span class='ocrx_word' id='word_1_169' title='bbox 532 1990 703 2034; x_wconf 89' lang='lat' dir='ltr'>arma</span> <span class='ocrx_word' id='word_1_170' title='bbox 734 1984 1049 2037; x_wconf 87' lang='lat' dir='ltr'>vocasset.</span> <span class='ocrx_word' id='word_1_171' title='bbox 1106 1978 1242 2038; x_wconf 90' lang='lat' dir='ltr'>Hoc</span> <span class='ocrx_word' id='word_1_172' title='bbox 1283 1982 1460 2051; x_wconf 92' lang='lat' dir='ltr'>tolle,</span> <span class='ocrx_word' id='word_1_173' title='bbox 1509 1997 1701 2042; x_wconf 88' lang='lat' dir='ltr'>causa</span> <span class='ocrx_word' id='word_1_174' title='bbox 1742 1998 1868 2042; x_wconf 90' lang='lat' dir='ltr'>non</span> <span class='ocrx_word' id='word_1_175' title='bbox 1903 1983 2035 2042; x_wconf 91' lang='lat' dir='ltr'>erit.</span> <span class='ocrx_word' id='word_1_176' title='bbox 2093 1987 2178 2043; x_wconf 92' lang='lat' dir='ltr'>At</span> <span class='ocrx_word' id='word_1_177' title='bbox 2219 1986 2279 2045; x_wconf 87' lang='lat' dir='ltr'>id</span> 
     </span>
     <span class='ocr_line' id='line_1_22' title="bbox 192 2053 2276 2140; baseline 0.007 -27"><span class='ocrx_word' id='word_1_178' title='bbox 192 2053 397 2129; x_wconf 90' lang='lat' dir='ltr'>ipsum</span> <span class='ocrx_word' id='word_1_179' title='bbox 427 2066 616 2133; x_wconf 90' lang='lat' dir='ltr'>negat</span> <span class='ocrx_word' id='word_1_180' title='bbox 639 2067 858 2120; x_wconf 86' lang='lat' dir='ltr'>contra</span> <span class='ocrx_word' id='word_1_181' title='bbox 889 2063 1062 2137; x_wconf 92' lang='lat' dir='ltr'>leges</span> <span class='ocrx_word' id='word_1_182' title='bbox 1086 2061 1339 2123; x_wconf 87' lang='lat' dir='ltr'>licuisse</span> <span class='ocrx_word' id='word_1_183' title='bbox 1361 2063 1608 2125; x_wconf 90' lang='lat' dir='ltr'>Decius.</span> <span class='ocrx_word' id='word_1_184' title='bbox 1639 2064 1866 2125; x_wconf 89' lang='lat' dir='ltr'>Veniet</span> <span class='ocrx_word' id='word_1_185' title='bbox 1895 2064 2081 2140; x_wconf 85' lang='lat' dir='ltr'>igitur</span> <span class='ocrx_word' id='word_1_186' title='bbox 2107 2065 2168 2125; x_wconf 92' lang='lat' dir='ltr'>in</span> <span class='ocrx_word' id='word_1_187' title='bbox 2192 2067 2276 2127; x_wconf 80' lang='lat' dir='ltr'>iu·</span> 
     </span>
     <span class='ocr_line' id='line_1_23' title="bbox 194 2137 2273 2226; baseline 0.007 -29"><span class='ocrx_word' id='word_1_188' title='bbox 194 2137 453 2200; x_wconf 89' lang='lat' dir='ltr'>dicium:</span> <span class='ocrx_word' id='word_1_189' title='bbox 517 2140 867 2204; x_wconf 87' lang='lat' dir='ltr'>Licueritne</span> <span class='ocrx_word' id='word_1_190' title='bbox 913 2160 991 2205; x_wconf 87' lang='lat' dir='ltr'>ex</span> <span class='ocrx_word' id='word_1_191' title='bbox 1034 2154 1287 2207; x_wconf 87' lang='lat' dir='ltr'>senatus</span> <span class='ocrx_word' id='word_1_192' title='bbox 1334 2152 1619 2209; x_wconf 87' lang='lat' dir='ltr'>consulto</span> <span class='ocrx_word' id='word_1_193' title='bbox 1665 2150 2013 2210; x_wconf 90' lang='lat' dir='ltr'>servandae</span> <span class='ocrx_word' id='word_1_194' title='bbox 2041 2149 2131 2210; x_wconf 94' lang='lat' dir='ltr'>rei</span> <span class='ocrx_word' id='word_1_195' title='bbox 2170 2168 2273 2226; x_wconf 87' lang='lat' dir='ltr'>pu-</span> 
     </span>
     <span class='ocr_line' id='line_1_24' title="bbox 193 2221 2274 2310; baseline 0.007 -30"><span class='ocrx_word' id='word_1_196' title='bbox 193 2221 393 2283; x_wconf 91' lang='lat' dir='ltr'>blicae</span> <span class='ocrx_word' id='word_1_197' title='bbox 422 2228 652 2287; x_wconf 78' lang='lat' dir='ltr'>causa?</span> <span class='ocrx_word' id='word_1_198' title='bbox 680 2228 1022 2303; x_wconf 88' lang='lat' dir='ltr'>Perspicua</span> <span class='ocrx_word' id='word_1_199' title='bbox 1053 2238 1197 2291; x_wconf 87' lang='lat' dir='ltr'>sunt</span> <span class='ocrx_word' id='word_1_200' title='bbox 1225 2232 1380 2292; x_wconf 91' lang='lat' dir='ltr'>haec</span> <span class='ocrx_word' id='word_1_201' title='bbox 1413 2233 1660 2309; x_wconf 89' lang='lat' dir='ltr'>quidem</span> <span class='ocrx_word' id='word_1_202' title='bbox 1685 2241 1747 2294; x_wconf 89' lang='lat' dir='ltr'>et</span> <span class='ocrx_word' id='word_1_203' title='bbox 1774 2234 1835 2294; x_wconf 91' lang='lat' dir='ltr'>in</span> <span class='ocrx_word' id='word_1_204' title='bbox 1867 2233 2108 2310; x_wconf 88' lang='lat' dir='ltr'>vulgari</span> <span class='ocrx_word' id='word_1_205' title='bbox 2137 2252 2274 2310; x_wconf 90' lang='lat' dir='ltr'>pru-</span> 
     </span>
     <span class='ocr_line' id='line_1_25' title="bbox 194 2304 2272 2392; baseline 0.008 -28"><span class='ocrx_word' id='word_1_206' title='bbox 194 2304 399 2367; x_wconf 87' lang='lat' dir='ltr'>dentia</span> <span class='ocrx_word' id='word_1_207' title='bbox 441 2307 587 2378; x_wconf 83' lang='lat' dir='ltr'>sita;</span> <span class='ocrx_word' id='word_1_208' title='bbox 631 2313 746 2372; x_wconf 94' lang='lat' dir='ltr'>sed</span> <span class='ocrx_word' id='word_1_209' title='bbox 785 2312 887 2372; x_wconf 89' lang='lat' dir='ltr'>illa</span> <span class='ocrx_word' id='word_1_210' title='bbox 931 2317 1315 2389; x_wconf 90' lang='lat' dir='ltr'>quaerenda:</span> <span class='ocrx_word' id='word_1_211' title='bbox 1378 2334 1539 2392; x_wconf 88' lang='lat' dir='ltr'>quae</span> <span class='ocrx_word' id='word_1_212' title='bbox 1583 2325 1644 2379; x_wconf 86' lang='lat' dir='ltr'>et</span> <span class='ocrx_word' id='word_1_213' title='bbox 1684 2320 1761 2378; x_wconf 91' lang='lat' dir='ltr'>ab</span> <span class='ocrx_word' id='word_1_214' title='bbox 1811 2326 2181 2380; x_wconf 86' lang='lat' dir='ltr'>accusatore</span> <span class='ocrx_word' id='word_1_215' title='bbox 2219 2329 2272 2380; x_wconf 86' lang='lat' dir='ltr'>et</span> 
     </span>
     <span class='ocr_line' id='line_1_26' title="bbox 205 2399 2266 2478; baseline -0.001 -16"><span class='ocrx_word' id='word_1_216' title='bbox 205 2421 245 2462; x_wconf 87' lang='lat' dir='ltr'>a</span> <span class='ocrx_word' id='word_1_217' title='bbox 268 2402 599 2462; x_wconf 77' lang='lat' dir='ltr'>defensore</span> <span class='ocrx_word' id='word_1_218' title='bbox 629 2409 987 2478; x_wconf 86' lang='lat' dir='ltr'>argumenta</span> <span class='ocrx_word' id='word_1_219' title='bbox 1019 2402 1099 2462; x_wconf 92' lang='lat' dir='ltr'>ad</span> <span class='ocrx_word' id='word_1_220' title='bbox 1127 2400 1221 2474; x_wconf 92' lang='lat' dir='ltr'>id,</span> <span class='ocrx_word' id='word_1_221' title='bbox 1266 2402 1434 2476; x_wconf 92' lang='lat' dir='ltr'>quod</span> <span class='ocrx_word' id='word_1_222' title='bbox 1471 2400 1531 2461; x_wconf 88' lang='lat' dir='ltr'>in</span> <span class='ocrx_word' id='word_1_223' title='bbox 1561 2399 1854 2461; x_wconf 87' lang='lat' dir='ltr'>iudicium</span> <span class='ocrx_word' id='word_1_224' title='bbox 1886 2401 2084 2474; x_wconf 90' lang='lat' dir='ltr'>venit,</span> <span class='ocrx_word' id='word_1_225' title='bbox 2128 2414 2266 2474; x_wconf 83' lang='lat' dir='ltr'>spe-</span> 
     </span>
     <span class='ocr_line' id='line_1_27' title="bbox 200 2482 2262 2561; baseline -0.001 -17"><span class='ocrx_word' id='word_1_226' title='bbox 200 2484 425 2545; x_wconf 86' lang='lat' dir='ltr'>ctantia</span> <span class='ocrx_word' id='word_1_227' title='bbox 455 2485 682 2546; x_wconf 91' lang='lat' dir='ltr'>debent</span> <span class='ocrx_word' id='word_1_228' title='bbox 709 2484 954 2545; x_wconf 78' lang='lat' dir='ltr'>adferri.</span> <span class='ocrx_word' id='word_1_229' title='bbox 1041 2486 1249 2545; x_wconf 89' lang='lat' dir='ltr'>XXXI.</span> <span class='ocrx_word' id='word_1_230' title='bbox 1299 2482 1439 2545; x_wconf 89' lang='lat'>133.</span> <span class='ocrx_word' id='word_1_231' title='bbox 1486 2486 1691 2561; x_wconf 91' lang='lat' dir='ltr'>Atque</span> <span class='ocrx_word' id='word_1_232' title='bbox 1733 2484 1830 2544; x_wconf 88' lang='lat' dir='ltr'>hic</span> <span class='ocrx_word' id='word_1_233' title='bbox 1864 2483 2016 2545; x_wconf 90' lang='lat' dir='ltr'>illud</span> <span class='ocrx_word' id='word_1_234' title='bbox 2055 2482 2262 2542; x_wconf 87' lang='lat' dir='ltr'>viden·</span> 
     </span>
     <span class='ocr_line' id='line_1_28' title="bbox 144 2566 2268 2643; baseline -0.001 -15"><span class='ocrx_word' id='word_1_235' title='bbox 144 2599 159 2605; x_wconf 89' lang='lat'><em>-</em></span> <span class='ocrx_word' id='word_1_236' title='bbox 201 2569 347 2628; x_wconf 82' lang='lat' dir='ltr'>dum</span> <span class='ocrx_word' id='word_1_237' title='bbox 378 2577 504 2642; x_wconf 90' lang='lat' dir='ltr'>est,</span> <span class='ocrx_word' id='word_1_238' title='bbox 532 2566 595 2627; x_wconf 90' lang='lat' dir='ltr'>in</span> <span class='ocrx_word' id='word_1_239' title='bbox 630 2585 753 2643; x_wconf 93' lang='lat' dir='ltr'>quo</span> <span class='ocrx_word' id='word_1_240' title='bbox 791 2586 1066 2629; x_wconf 89' lang='lat' dir='ltr'>summus</span> <span class='ocrx_word' id='word_1_241' title='bbox 1099 2577 1196 2628; x_wconf 89' lang='lat' dir='ltr'>est</span> <span class='ocrx_word' id='word_1_242' title='bbox 1223 2584 1396 2628; x_wconf 90' lang='lat' dir='ltr'>error</span> <span class='ocrx_word' id='word_1_243' title='bbox 1423 2567 1679 2629; x_wconf 88' lang='lat' dir='ltr'>istorum</span> <span class='ocrx_word' id='word_1_244' title='bbox 1712 2567 2160 2643; x_wconf 88' lang='lat' dir='ltr'>magistrorum,</span> <span class='ocrx_word' id='word_1_245' title='bbox 2191 2566 2268 2625; x_wconf 89' lang='lat' dir='ltr'>ad</span> 
     </span>
     <span class='ocr_line' id='line_1_29' title="bbox 200 2648 2267 2726; baseline -0.002 -15"><span class='ocrx_word' id='word_1_246' title='bbox 200 2668 362 2726; x_wconf 88' lang='lat' dir='ltr'>quos</span> <span class='ocrx_word' id='word_1_247' title='bbox 394 2650 625 2712; x_wconf 90' lang='lat' dir='ltr'>liberos</span> <span class='ocrx_word' id='word_1_248' title='bbox 659 2660 908 2714; x_wconf 89' lang='lat' dir='ltr'>nostros</span> <span class='ocrx_word' id='word_1_249' title='bbox 938 2650 1260 2717; x_wconf 84' lang='lat' dir='ltr'>mittimus,</span> <span class='ocrx_word' id='word_1_250' title='bbox 1301 2667 1424 2711; x_wconf 90' lang='lat' dir='ltr'>non</span> <span class='ocrx_word' id='word_1_251' title='bbox 1469 2668 1593 2726; x_wconf 91' lang='lat' dir='ltr'>quo</span> <span class='ocrx_word' id='word_1_252' title='bbox 1638 2650 1758 2712; x_wconf 91' lang='lat' dir='ltr'>hoc</span> <span class='ocrx_word' id='word_1_253' title='bbox 1791 2651 2038 2725; x_wconf 88' lang='lat' dir='ltr'>quidem</span> <span class='ocrx_word' id='word_1_254' title='bbox 2069 2650 2148 2709; x_wconf 92' lang='lat' dir='ltr'>ad</span> <span class='ocrx_word' id='word_1_255' title='bbox 2181 2648 2267 2707; x_wconf 91' lang='lat' dir='ltr'>di-</span> 
     </span>
     <span class='ocr_line' id='line_1_30' title="bbox 198 2731 2269 2814; baseline -0.002 -20"><span class='ocrx_word' id='word_1_256' title='bbox 198 2734 465 2795; x_wconf 86' lang='lat' dir='ltr'>cendum</span> <span class='ocrx_word' id='word_1_257' title='bbox 499 2751 721 2812; x_wconf 90' lang='lat' dir='ltr'>magno</span> <span class='ocrx_word' id='word_1_258' title='bbox 759 2753 950 2811; x_wconf 94' lang='lat' dir='ltr'>opere</span> <span class='ocrx_word' id='word_1_259' title='bbox 972 2736 1291 2811; x_wconf 88' lang='lat' dir='ltr'>pertineat,</span> <span class='ocrx_word' id='word_1_260' title='bbox 1324 2734 1436 2814; x_wconf 87' lang='lat' dir='ltr'>sed</span> <span class='ocrx_word' id='word_1_261' title='bbox 1462 2743 1662 2794; x_wconf 88' lang='lat' dir='ltr'>tamen</span> <span class='ocrx_word' id='word_1_262' title='bbox 1685 2742 1751 2794; x_wconf 88' lang='lat' dir='ltr'>ut</span> <span class='ocrx_word' id='word_1_263' title='bbox 1767 2731 2051 2805; x_wconf 87' lang='lat' dir='ltr'>videatis,</span> <span class='ocrx_word' id='word_1_264' title='bbox 2086 2747 2269 2805; x_wconf 88' lang='lat' dir='ltr'>quam</span> 
     </span>
     <span class='ocr_line' id='line_1_31' title="bbox 198 2815 2267 2910; baseline -0.001 -33"><span class='ocrx_word' id='word_1_265' title='bbox 198 2816 278 2878; x_wconf 89' lang='lat' dir='ltr'>sit</span> <span class='ocrx_word' id='word_1_266' title='bbox 311 2834 510 2893; x_wconf 89' lang='lat' dir='ltr'>genus</span> <span class='ocrx_word' id='word_1_267' title='bbox 544 2818 665 2880; x_wconf 90' lang='lat' dir='ltr'>hoc</span> <span class='ocrx_word' id='word_1_268' title='bbox 698 2836 941 2895; x_wconf 89' lang='lat' dir='ltr'>eorum,</span> <span class='ocrx_word' id='word_1_269' title='bbox 972 2817 1075 2895; x_wconf 89' lang='lat' dir='ltr'>qui</span> <span class='ocrx_word' id='word_1_270' title='bbox 1114 2816 1232 2879; x_wconf 91' lang='lat' dir='ltr'>sibi</span> <span class='ocrx_word' id='word_1_271' title='bbox 1262 2816 1484 2879; x_wconf 90' lang='lat' dir='ltr'>eruditi</span> <span class='ocrx_word' id='word_1_272' title='bbox 1514 2815 1825 2886; x_wconf 90' lang='lat' dir='ltr'>videntur,</span> <span class='ocrx_word' id='word_1_273' title='bbox 1863 2815 2056 2876; x_wconf 87' lang='lat' dir='ltr'>hebes</span> <span class='ocrx_word' id='word_1_274' title='bbox 2080 2820 2267 2910; x_wconf 75' lang='lat' dir='ltr'>atque</span> 
     </span>
     <span class='ocr_line' id='line_1_32' title="bbox 199 2896 2265 2977; baseline -0.002 -17"><span class='ocrx_word' id='word_1_275' title='bbox 199 2899 570 2977; x_wconf 87' lang='lat' dir='ltr'>impolitum;</span> <span class='ocrx_word' id='word_1_276' title='bbox 622 2902 997 2965; x_wconf 88' lang='lat' dir='ltr'>constituunt</span> <span class='ocrx_word' id='word_1_277' title='bbox 1030 2901 1191 2968; x_wconf 90' lang='lat' dir='ltr'>enim</span> <span class='ocrx_word' id='word_1_278' title='bbox 1230 2900 1292 2961; x_wconf 91' lang='lat' dir='ltr'>in</span> <span class='ocrx_word' id='word_1_279' title='bbox 1323 2899 1661 2977; x_wconf 88' lang='lat' dir='ltr'>partiendis</span> <span class='ocrx_word' id='word_1_280' title='bbox 1697 2898 2040 2961; x_wconf 87' lang='lat' dir='ltr'>orationum</span> <span class='ocrx_word' id='word_1_281' title='bbox 2068 2896 2265 2957; x_wconf 74' lang='lat' dir='ltr'>modis</span> 
     </span>
     <span class='ocr_line' id='line_1_33' title="bbox 199 2982 2265 3061; baseline -0 -17"><span class='ocrx_word' id='word_1_282' title='bbox 199 2985 322 3046; x_wconf 93' lang='lat' dir='ltr'>duo</span> <span class='ocrx_word' id='word_1_283' title='bbox 356 3000 585 3059; x_wconf 84' lang='lat' dir='ltr'>genera</span> <span class='ocrx_word' id='word_1_284' title='bbox 614 3002 972 3047; x_wconf 81' lang='lat' dir='ltr'>causarum=</span> <span class='ocrx_word' id='word_1_285' title='bbox 1007 3003 1197 3047; x_wconf 88' lang='lat' dir='ltr'>unum</span> <span class='ocrx_word' id='word_1_286' title='bbox 1240 2987 1582 3061; x_wconf 89' lang='lat' dir='ltr'>appellant,</span> <span class='ocrx_word' id='word_1_287' title='bbox 1627 2982 1689 3045; x_wconf 89' lang='lat' dir='ltr'>in</span> <span class='ocrx_word' id='word_1_288' title='bbox 1724 3003 1846 3061; x_wconf 93' lang='lat' dir='ltr'>quo</span> <span class='ocrx_word' id='word_1_289' title='bbox 1889 2983 2023 3045; x_wconf 90' lang='lat' dir='ltr'>sine</span> <span class='ocrx_word' id='word_1_290' title='bbox 2050 2998 2265 3059; x_wconf 89' lang='lat' dir='ltr'>perso-</span> 
     </span>
     <span class='ocr_line' id='line_1_34' title="bbox 200 3067 2266 3145; baseline -0.001 -19"><span class='ocrx_word' id='word_1_291' title='bbox 200 3067 294 3127; x_wconf 92' lang='lat' dir='ltr'>nis</span> <span class='ocrx_word' id='word_1_292' title='bbox 319 3076 508 3143; x_wconf 90' lang='lat' dir='ltr'>atque</span> <span class='ocrx_word' id='word_1_293' title='bbox 533 3069 909 3145; x_wconf 87' lang='lat' dir='ltr'>temporibus</span> <span class='ocrx_word' id='word_1_294' title='bbox 942 3071 1020 3130; x_wconf 90' lang='lat' dir='ltr'>de</span> <span class='ocrx_word' id='word_1_295' title='bbox 1042 3067 1335 3131; x_wconf 89' lang='lat' dir='ltr'>universo</span> <span class='ocrx_word' id='word_1_296' title='bbox 1356 3085 1583 3143; x_wconf 81' lang='lat' dir='ltr'>genere</span> <span class='ocrx_word' id='word_1_297' title='bbox 1608 3076 1962 3144; x_wconf 77' lang='lat' dir='ltr'>quaeratur3</span> <span class='ocrx_word' id='word_1_298' title='bbox 1993 3068 2266 3139; x_wconf 87' lang='lat' dir='ltr'>alterum,</span> 
     </span>
     <span class='ocr_line' id='line_1_35' title="bbox 198 3150 2265 3243; baseline -0.003 -31"><span class='ocrx_word' id='word_1_299' title='bbox 198 3151 370 3226; x_wconf 90' lang='lat' dir='ltr'>quod</span> <span class='ocrx_word' id='word_1_300' title='bbox 403 3152 691 3227; x_wconf 90' lang='lat' dir='ltr'>personis</span> <span class='ocrx_word' id='word_1_301' title='bbox 727 3153 911 3215; x_wconf 89' lang='lat' dir='ltr'>certis</span> <span class='ocrx_word' id='word_1_302' title='bbox 947 3161 1008 3213; x_wconf 86' lang='lat' dir='ltr'>et</span> <span class='ocrx_word' id='word_1_303' title='bbox 1035 3152 1417 3228; x_wconf 84' lang='lat' dir='ltr'>temporibus</span> <span class='ocrx_word' id='word_1_304' title='bbox 1447 3152 1800 3224; x_wconf 86' lang='lat' dir='ltr'>definiatur,</span> <span class='ocrx_word' id='word_1_305' title='bbox 1835 3150 2029 3227; x_wconf 88' lang='lat' dir='ltr'>ignari</span> <span class='ocrx_word' id='word_1_306' title='bbox 2054 3162 2265 3243; x_wconf 57' lang='lat' dir='ltr'>omnes</span> 
     </span>
     <span class='ocr_line' id='line_1_36' title="bbox 197 3231 2264 3327; baseline -0.002 -34"><span class='ocrx_word' id='word_1_307' title='bbox 197 3234 656 3297; x_wconf 87' lang='lat' dir='ltr'>controversias</span> <span class='ocrx_word' id='word_1_308' title='bbox 707 3238 788 3297; x_wconf 93' lang='lat' dir='ltr'>ad</span> <span class='ocrx_word' id='word_1_309' title='bbox 836 3235 1110 3298; x_wconf 91' lang='lat' dir='ltr'>universi</span> <span class='ocrx_word' id='word_1_310' title='bbox 1143 3234 1390 3312; x_wconf 90' lang='lat' dir='ltr'>generis</span> <span class='ocrx_word' id='word_1_311' title='bbox 1436 3235 1559 3296; x_wconf 89' lang='lat' dir='ltr'>vim</span> <span class='ocrx_word' id='word_1_312' title='bbox 1598 3243 1674 3297; x_wconf 79' lang='lat' dir='ltr'>et</span> <span class='ocrx_word' id='word_1_313' title='bbox 1716 3244 1990 3296; x_wconf 87' lang='lat' dir='ltr'>naturam</span> <span class='ocrx_word' id='word_1_314' title='bbox 2032 3231 2264 3327; x_wconf 72' lang='lat' dir='ltr'>referri.</span> 
     </span>
     <span class='ocr_line' id='line_1_37' title="bbox 204 3315 2262 3413; baseline -0.002 -34"><span class='ocrx_word' id='word_1_315' title='bbox 204 3316 339 3379; x_wconf 79' lang='lat'>134.</span> <span class='ocrx_word' id='word_1_316' title='bbox 376 3318 529 3379; x_wconf 86' lang='lat' dir='ltr'>Nam</span> <span class='ocrx_word' id='word_1_317' title='bbox 559 3318 621 3379; x_wconf 89' lang='lat' dir='ltr'>in</span> <span class='ocrx_word' id='word_1_318' title='bbox 650 3336 726 3380; x_wconf 89' lang='lat' dir='ltr'>ea</span> <span class='ocrx_word' id='word_1_319' title='bbox 753 3320 893 3397; x_wconf 88' lang='lat' dir='ltr'>ipsa</span> <span class='ocrx_word' id='word_1_320' title='bbox 929 3337 1146 3392; x_wconf 91' lang='lat' dir='ltr'>causa,</span> <span class='ocrx_word' id='word_1_321' title='bbox 1185 3320 1264 3380; x_wconf 93' lang='lat' dir='ltr'>de</span> <span class='ocrx_word' id='word_1_322' title='bbox 1302 3336 1426 3396; x_wconf 90' lang='lat' dir='ltr'>qua</span> <span class='ocrx_word' id='word_1_323' title='bbox 1453 3327 1598 3381; x_wconf 91' lang='lat' dir='ltr'>ante</span> <span class='ocrx_word' id='word_1_324' title='bbox 1628 3318 1785 3391; x_wconf 88' lang='lat' dir='ltr'>dixi,</span> <span class='ocrx_word' id='word_1_325' title='bbox 1823 3315 1969 3413; x_wconf 75' lang='lat' dir='ltr'>nihil</span> <span class='ocrx_word' id='word_1_326' title='bbox 2005 3322 2262 3391; x_wconf 71' lang='lat' dir='ltr'>pertinet</span> 
     </span>
     <span class='ocr_line' id='line_1_38' title="bbox 196 3399 2261 3480; baseline 0 -21"><span class='ocrx_word' id='word_1_327' title='bbox 196 3402 272 3460; x_wconf 91' lang='lat' dir='ltr'>ad</span> <span class='ocrx_word' id='word_1_328' title='bbox 304 3402 566 3464; x_wconf 90' lang='lat' dir='ltr'>oratoris</span> <span class='ocrx_word' id='word_1_329' title='bbox 597 3405 773 3465; x_wconf 92' lang='lat' dir='ltr'>locos</span> <span class='ocrx_word' id='word_1_330' title='bbox 809 3402 1030 3480; x_wconf 90' lang='lat' dir='ltr'>Opimii</span> <span class='ocrx_word' id='word_1_331' title='bbox 1060 3420 1360 3480; x_wconf 89' lang='lat' dir='ltr'>persona,</span> <span class='ocrx_word' id='word_1_332' title='bbox 1389 3401 1537 3462; x_wconf 87' lang='lat' dir='ltr'>nihil</span> <span class='ocrx_word' id='word_1_333' title='bbox 1560 3399 1749 3461; x_wconf 88' lang='lat' dir='ltr'>Decii.</span> <span class='ocrx_word' id='word_1_334' title='bbox 1810 3402 1901 3461; x_wconf 93' lang='lat' dir='ltr'>De</span> <span class='ocrx_word' id='word_1_335' title='bbox 1928 3416 2068 3475; x_wconf 76' lang='lat' dir='ltr'>ipso</span> <span class='ocrx_word' id='word_1_336' title='bbox 2102 3413 2261 3460; x_wconf 85' lang='lat' dir='ltr'>emm</span> 
     </span>
     <span class='ocr_line' id='line_1_39' title="bbox 195 3482 2260 3563; baseline -0 -18"><span class='ocrx_word' id='word_1_337' title='bbox 195 3483 482 3547; x_wconf 88' lang='lat' dir='ltr'>universo</span> <span class='ocrx_word' id='word_1_338' title='bbox 530 3503 758 3562; x_wconf 80' lang='lat' dir='ltr'>genere</span> <span class='ocrx_word' id='word_1_339' title='bbox 798 3486 1033 3548; x_wconf 87' lang='lat' dir='ltr'>infinita</span> <span class='ocrx_word' id='word_1_340' title='bbox 1075 3484 1357 3563; x_wconf 89' lang='lat' dir='ltr'>quaestio</span> <span class='ocrx_word' id='word_1_341' title='bbox 1402 3492 1526 3553; x_wconf 87' lang='lat' dir='ltr'>est,</span> <span class='ocrx_word' id='word_1_342' title='bbox 1575 3500 1717 3545; x_wconf 89' lang='lat' dir='ltr'>num</span> <span class='ocrx_word' id='word_1_343' title='bbox 1754 3500 1958 3560; x_wconf 89' lang='lat' dir='ltr'>poena</span> <span class='ocrx_word' id='word_1_344' title='bbox 1985 3482 2260 3545; x_wconf 78' lang='lat' dir='ltr'>videatur</span> 
     </span>
    </p>
   </div>
  </div>
 </body>
</html>
