2622 3908
682 261 826 320 mn.
849 260 923 319 11.
969 259 1132 319 cAP.
1161 270 1226 320 15
1247 295 1318 303 —
1338 266 1424 322 1⁷.
1465 264 1517 326 s.
1543 267 1611 322 65
1632 294 1703 302 —
1722 266 1808 322 72.
1837 340 1848 350 ·
2199 255 2278 319 75

204 430 345 475 mae
387 413 489 472 vel
533 410 784 486 aetatiS,
828 410 1065 472 etiamsi
1110 427 1235 471 non
1266 409 1575 484 didicerit,
1616 411 1871 485 pingere
1902 425 2106 485 neque
2136 426 2279 470 esse

205 495 580 575 periculum,
627 494 732 571 qui
779 495 1018 556 leonem
1048 503 1153 556 aut
1179 505 1417 556 taurum
1447 493 1659 571 pingat
1689 492 1966 569 egregie,
2012 510 2089 553 ne
2118 490 2277 552 idem

202 580 266 641 in
312 579 516 641 multis
560 578 696 640 aliis
745 579 1249 655 quadrupedibus
1294 580 1499 640 facere
1529 594 1652 638 non
1677 576 1908 653 possit=
1956 613 2029 621 -
2079 592 2280 653 neque

202 672 303 725 est
332 661 580 724 omnino
612 680 715 724 ars
743 664 896 733 ulla,
940 664 1001 722 in
1033 680 1156 738 qua
1184 660 1419 737 omnia,
1463 677 1623 737 quae
1651 660 1754 721 illa
1782 670 1912 721 arte
1941 658 2103 721 effici
2134 677 2275 735 pos-

205 746 358 820 sint,
392 763 431 806 a
459 747 712 808 doctore
744 746 1084 817 tradantur;
1131 747 1245 807 sed
1274 745 1380 817 qui
1411 744 1739 820 primarum
1768 752 1830 805 et
1858 753 2155 804 certarum
2184 760 2278 804 re·

202 844 339 887 rum
373 841 606 901 genera
638 826 776 902 ipsa
811 826 1182 895 didicerunt,
1217 825 1455 899 reliqua
1489 841 1602 899 per
1637 840 1708 883 se
1737 839 1861 882 non
1893 821 2283 880 incommode

203 915 668 988 persequuntur
694 927 808 969 -ε
855 909 958 969 70.
1003 909 1282 971 similiter
1321 909 1585 969 arbitror
1625 907 1685 968 in
1722 908 1838 967 hac
1880 903 2017 965 sive
2045 903 2282 963 ratione

204 999 343 1054 sive
367 993 811 1053 exercitatione
832 993 1091 1063 dicendi,
1110 993 1214 1065 qui
1236 993 1399 1052 illam
1422 991 1545 1051 vim
1568 993 1833 1066 adeptus
1856 989 1954 1059 sit,
1977 995 2047 1047 ut
2069 1002 2282 1049 eorum

207 1079 475 1144 menteS,
516 1070 620 1145 qui
649 1080 756 1131 aut
784 1070 862 1131 de
890 1087 958 1131 re
988 1071 1236 1146 publica
1263 1079 1370 1131 aut
1398 1071 1476 1132 de
1503 1070 1702 1146 ipsius
1731 1072 1919 1133 rebus
1948 1079 2053 1131 aut
2079 1071 2157 1131 de
2187 1070 2281 1143 iis,

208 1164 427 1215 contra
457 1171 617 1229 quos
647 1162 752 1215 aut
779 1170 892 1230 pro
925 1153 1150 1229 quibus
1180 1153 1372 1226 dicat,
1414 1170 1551 1215 cum
1594 1153 1803 1230 aliqua
1831 1153 2137 1215 statuendi
2173 1171 2270 1229 po·

207 1245 429 1299 testate
458 1236 738 1310 audiant,
785 1238 865 1297 ad
906 1254 1087 1298 suum
1115 1236 1424 1298 arbitrium
1454 1254 1704 1299 movere
1734 1237 1965 1315 possit,
2007 1236 2174 1297 illum
2205 1238 2281 1297 de

207 1328 337 1386 toto
379 1321 482 1381 illo
519 1337 743 1395 genere
771 1321 1139 1395 reliquarum
1171 1320 1512 1381 orationum
1540 1337 1664 1381 non
1693 1323 1834 1398 plus
1867 1319 2281 1397 quaesiturum

209 1421 386 1476 esse,
431 1403 580 1478 quid
621 1404 812 1477 dicat,
860 1422 1044 1479 quam
1082 1403 1447 1481 Polyclitum
1488 1403 1684 1478 illum,
1729 1422 1917 1481 quum
1957 1406 2281 1465 Herculem

209 1488 498 1563 fingebat,
534 1488 1045 1562 quemadmodum
1075 1489 1297 1565 pellem
1326 1498 1431 1550 aut
1457 1489 1717 1566 hydram
1740 1490 2014 1566 fingeret,
2044 1487 2282 1549 etiamsi

211 1572 366 1632 haec
399 1587 727 1646 numquam
758 1571 1087 1647 separatim
1122 1574 1327 1633 facere
1358 1571 1697 1634 didicisset.

376 1655 560 1715 XVII.
610 1652 709 1716 71.
739 1656 888 1715 Tum
908 1656 1199 1741 *Catulusz
1226 1656 1544 1718 Praeclare
1581 1656 1726 1717 mihi
1756 1655 2003 1729 videriS,
2034 1656 2288 1722 Antoni⁴

208 1736 532 1814 posuisse,
577 1737 799 1812 inquit,
844 1747 984 1799 ante
1028 1741 1273 1813 oculoS,
1324 1739 1472 1816 quid
1509 1739 1750 1800 discere
1781 1749 2093 1816 oporteret
2121 1757 2279 1813 eum,

209 1821 319 1898 qui
349 1831 552 1883 orator
583 1831 751 1883 esset
779 1823 1050 1895 futuruS‚
1085 1823 1264 1898 quid,
1298 1822 1685 1884 etiamsinon
1716 1822 2050 1896 didicisset,
2081 1840 2161 1883 ex
2183 1839 2280 1896 eo,

208 1905 382 1983 quod
410 1904 759 1980 didicisset,
795 1908 1164 1968 adsumeret.
1221 1905 1545 1968 Deduxisti
1574 1906 1735 1968 enim
1759 1914 1950 1968 totum
1972 1905 2275 1967 hominem

205 1989 268 2051 in
301 1989 423 2050 duo
456 2006 682 2064 genera
712 1993 910 2051 solum
940 2007 1297 2061 causarum,
1345 1998 1588 2051 caetera
1613 1989 2077 2051 innumerabilia
2105 2006 2276 2050 exer-

208 2072 481 2134 citationi
524 2084 585 2135 et
625 2073 1002 2135 similitudini
1031 2072 1352 2149 reliquisti.
1412 2073 1537 2134 Sed
1576 2072 1720 2133 vide
1763 2090 1841 2134 ne
1869 2072 1931 2133 in
1960 2072 2097 2133 istis
2126 2072 2277 2132 duo·

207 2158 327 2218 bus
359 2157 686 2232 generibus
716 2157 915 2234 hydra
941 2157 1049 2219 tibi
1080 2157 1159 2219 sit
1186 2166 1247 2218 et
1276 2156 1485 2233 pellis,
1516 2158 1813 2217 Hercules
1842 2167 2044 2218 autem
2074 2163 2135 2216 et
2162 2156 2281 2216 alia

207 2256 403 2316 opera
431 2240 662 2300 maiora
690 2240 752 2301 in
782 2240 901 2302 illis
931 2243 1137 2316 rebuS,
1170 2257 1327 2318 quas
1358 2240 1803 2317 praetermittis
1839 2240 2277 2316 relinquantur.

209 2325 343 2386 Non
385 2323 546 2384 enim
586 2324 731 2384 mihi
762 2324 964 2386 minus
1000 2325 1207 2402 operis
1238 2324 1481 2387 videtur
1507 2327 1587 2387 de
1612 2324 1920 2387 universis
1949 2324 2277 2400 generibus

206 2425 412 2468 rerum
463 2425 645 2483 quam
688 2408 767 2469 de
797 2408 1173 2484 singulorum
1202 2408 1411 2469 causis
1443 2425 1516 2470 ac
1544 2412 1731 2471 multo
1763 2409 1943 2471 etiam
1971 2408 2168 2470 maius
2200 2410 2279 2468 de

206 2500 423 2552 natura
467 2492 722 2552 deorum
766 2509 950 2568 quam
990 2494 1068 2553 de
1108 2492 1420 2553 hominum
1461 2492 1667 2553 litibus
1708 2493 1931 2555 dicere.
2007 2495 2142 2555 Non
2184 2501 2279 2553 est

203 2574 321 2650 ita,
363 2574 559 2650 inquit
586 2574 911 2637 Antonius.
969 2575 1069 2638 72.
1110 2575 1325 2635 Dicam
1353 2574 1514 2636 enim
1542 2575 1679 2650 tibi,
1722 2577 1961 2650 Catule,
2000 2595 2125 2639 non
2159 2585 2277 2638 tam

204 2660 430 2720 doctus
476 2676 691 2734 quam,
737 2659 801 2720 id
843 2661 1014 2734 quod
1057 2666 1153 2719 est
1181 2659 1409 2731 maiuS,
1453 2669 1769 2735 expertus.
1829 2659 2108 2721 Omnium
2138 2676 2275 2721 cae-

209 2751 470 2804 terarum
497 2760 701 2803 rerum
731 2744 955 2816 oratio,
1003 2742 1148 2803 mihi
1178 2744 1391 2814 crede,
1424 2743 1606 2804 ludus
1638 2751 1735 2804 est
1761 2743 1990 2803 homini
2020 2760 2142 2803 non
2170 2743 2269 2803 he·

203 2824 331 2886 beti
358 2842 562 2901 neque
582 2826 979 2888 inexercitato
1004 2844 1207 2902 neque
1231 2824 1642 2887 communium
1671 2825 2002 2888 litterarum
2032 2835 2094 2887 et
2122 2825 2275 2903 poli-

203 2907 379 2970 tioris
419 2909 810 2972 humanitatis
851 2911 1118 2986 expertia
1161 2909 1223 2971 in
1266 2927 1590 2972 causarum
1633 2909 2122 2973 contentionibus
2151 2926 2276 2970 ma-

200 3009 392 3068 gnum
433 3001 530 3055 est
571 2994 881 3069 quoddam
924 3011 1084 3070 opus
1127 3003 1313 3071 atque
1354 2995 1517 3054 haud
1562 2994 1752 3055 sciam
1777 3011 1855 3055 an
1885 2996 1964 3057 de
1993 2993 2274 3056 humanis

199 3074 497 3151 operibus
527 3079 711 3152 longe
741 3076 1097 3138 maximum=
1139 3077 1200 3138 in
1242 3077 1466 3154 quibus
1497 3076 1596 3139 vis
1627 3078 1887 3140 oratoris
1916 3083 2276 3156 plerumque

200 3160 280 3220 ab
321 3158 615 3235 imperitis
658 3160 825 3223 exitu
863 3170 924 3222 et
963 3160 1220 3222 victoria
1258 3160 1589 3233 iudicatur;
1643 3162 1747 3223 ubi
1789 3163 1967 3223 adest
2006 3173 2274 3222 armatus

198 3243 629 3317 adversariuS,
679 3244 785 3320 qui
825 3244 905 3306 sit
946 3254 1007 3306 et
1049 3245 1359 3306 feriendus
1390 3254 1451 3306 et
1476 3246 1902 3320 repellendum
1946 3243 2052 3306 ubi
2084 3261 2275 3319 saepe

195 3327 274 3401 ἰε,
308 3326 413 3402 qui
440 3326 529 3389 rei
560 3327 845 3389 dominus
876 3330 1115 3390 futurus
1137 3338 1250 3403 est,
1279 3327 1519 3389 alienus
1545 3337 1732 3404 atque
1755 3326 1945 3388 iratus
1969 3335 2074 3388 aut
2093 3326 2273 3389 etiam

193 3412 434 3473 amicus
476 3413 833 3473 adversario
876 3420 937 3473 et
976 3411 1259 3473 inimicus
1294 3411 1401 3473 tibi
1432 3418 1554 3482 est3
1601 3429 1789 3488 quum
1818 3420 1923 3472 aut
1952 3411 2273 3474 docendus

194 3493 252 3554 is
297 3503 394 3557 est
435 3504 540 3557 aut
580 3497 981 3558 dedocendus
1022 3506 1127 3558 aut
1166 3496 1593 3572 reprimendus
1648 3502 1753 3555 aut
1790 3493 2136 3558 incitandus
2170 3510 2275 3559 aut
