2622 3908
752 271 894 331 LIB.
925 271 996 330 ll.
1044 271 1205 331 CAP.
1240 281 1504 332 50—52.
1547 280 1599 338 5.
1631 281 1960 332 202—210.
2210 274 2324 333 107

261 428 368 500 qui
396 422 519 483 illis
553 420 699 482 boni
735 430 919 496 atque
951 421 1129 483 utiles
1164 421 1314 495 sint,
1347 422 1647 482 laborare.
1708 424 1983 499 Namque
2026 424 2179 483 haec
2226 440 2329 484 res

261 523 531 567 amorem
580 504 777 580 magis
829 504 1143 579 conciliat,
1202 503 1307 564 illa
1356 504 1593 566 virtutis
1646 507 1925 568 defensio
1983 506 2328 576 caritatem3

262 595 528 667 plusque
574 588 851 664 proficit,
898 588 951 648 si
991 590 1355 664 proponitur
1396 605 1544 664 spes
1575 586 2113 651 utilitatis'futurae
2148 607 2329 666 quam

262 671 573 750 praeteriti
614 671 901 733 beneficii
933 671 1450 733 commemoratio.
1510 671 1653 733 207.
1698 672 2061 734 Enitendum
2095 683 2221 748 est,
2265 684 2330 734 ut

263 757 558 819 ostendas
602 758 661 815 in
708 772 782 815 ea
822 773 922 828 re,
970 772 1153 831 quam
1195 755 1530 830 desendaS,
1580 765 1685 817 aut
1726 755 2080 832 dignitatem
2119 756 2329 818 inesse

263 850 364 902 aut
392 839 741 912 utilitatem,
787 855 1082 915 eumque,
1127 837 1224 899 cui
1267 839 1559 901 concilies
1603 839 1766 901 hunc
1797 857 2098 913 amorem,
2143 839 2332 915 signi-

262 925 414 984 fices
459 922 607 983 nihil
650 923 730 982 ad
773 923 1089 985 utilitatem
1132 940 1306 983 suam
1340 922 1651 985 rettulisse
1681 940 1754 983 ac
1785 923 1931 983 nihil
1963 921 2211 984 omnino
2244 925 2331 983 fe·

263 1007 428 1068 cisse
469 1023 661 1067 causa
704 1023 834 1066 sua.
894 1008 1204 1068 invidetur
1246 1007 1408 1067 enim
1444 1005 1784 1068 commodis
1814 1005 2126 1067 hominum
2159 1005 2328 1082 ipso-

264 1107 424 1160 rum3
495 1088 714 1150 studiis
767 1098 967 1151 autem
1016 1107 1227 1151 eorum
1278 1089 1539 1152 caeteris
1592 1089 2022 1151 commodandi
2074 1091 2330 1151 favetur.

263 1173 406 1236 208.
451 1173 928 1248 Videndumque
963 1174 1080 1234 hoc
1110 1175 1249 1234 loco
1281 1181 1406 1245 est,
1440 1190 1550 1248 nc,
1589 1190 1749 1247 quos
1779 1175 1858 1235 ob
1890 1175 2213 1235 benefacta
2242 1172 2330 1233 di-

262 1257 368 1333 ligi
399 1259 712 1329 volemuS,
754 1274 966 1318 eorum
996 1259 1241 1317 laudem
1272 1267 1456 1331 atque
1486 1258 1772 1332 gloriam,
1818 1256 1917 1317 cui
1947 1256 2211 1317 maxime
2242 1257 2331 1316 in·

264 1339 459 1402 videri
505 1341 691 1412 solet,
737 1340 914 1401 nimis
958 1340 1177 1401 efferre
1219 1339 1554 1401 videamur.
1609 1342 1816 1414 Atque
1858 1340 2094 1402 eisdem
2123 1340 2219 1400 his
2252 1357 2333 1401 ex

264 1424 419 1485 locis
462 1433 523 1485 et
557 1423 615 1482 in
667 1424 824 1485 alios
882 1422 1092 1486 odium
1129 1434 1367 1485 struere
1402 1423 1715 1485 discemus
1753 1433 1814 1485 et
1843 1442 1881 1484 a
1908 1425 2089 1486 nobis
2118 1441 2193 1485 ac
2224 1442 2312 1486 no

264 1507 409 1569 stris
454 1507 813 1579 demovere3
871 1509 1212 1583 eademque
1257 1508 1412 1569 haec
1462 1504 1691 1583 genera
1717 1517 1865 1569 sunt
1918 1517 2242 1571 tractanda
2271 1509 2332 1569 in

263 1590 583 1652 iracundia
624 1593 720 1652 vel
765 1591 1089 1653 excitanda
1128 1593 1226 1652 vel
1270 1592 1564 1654 sedanda.
1643 1592 1794 1652 Nam
1826 1593 1908 1666 si,
1956 1594 2122 1668 quod
2154 1591 2329 1669 ipsiS,

267 1674 369 1751 qui
400 1673 680 1747 audiunt,
726 1675 1141 1750 perniciosum
1181 1685 1284 1736 aut
1324 1675 1535 1737 inutile
1566 1674 1677 1750 sit,
1718 1675 1781 1735 id
1822 1677 2047 1739 factum
2077 1694 2327 1751 augeaS,

264 1758 473 1820 odium
504 1768 774 1830 creatur3
825 1759 952 1832 sin,
1001 1762 1168 1835 quod
1199 1769 1304 1820 aut
1332 1758 1392 1818 in
1420 1760 1620 1821 bonos
1647 1759 1817 1818 viros
1847 1769 1952 1820 aut
1985 1760 2045 1819 in
2084 1777 2225 1831 eos,
2272 1761 2328 1818 in

264 1860 425 1918 quos
466 1841 712 1904 minime
757 1842 1020 1919 quisque
1063 1844 1364 1913 debuerit,
1408 1852 1512 1903 aut
1553 1841 1613 1901 in
1657 1859 1786 1902 rem
1824 1842 2160 1917 publicam,
2207 1851 2331 1901 tum
2383 1841 2392 1847 ‘

264 1926 597 2001 excitatur,
645 1925 698 1987 si
739 1944 861 1988 non
903 1937 1027 1989 tam
1071 1926 1363 1987 acerbum
1410 1925 1647 1997 odium,
1693 1939 1891 1985 tamen
1925 1934 2029 1985 aut
2067 1923 2332 1985 invidiae

263 2021 367 2073 aut
411 2010 537 2071 odii
571 2028 694 2072 non
739 2011 1053 2072 dissimilis
1100 2009 1385 2072 offensio.
1447 2009 1591 2072 209.
1636 2009 1786 2069 Item
1827 2009 2006 2069 timor
2049 2008 2333 2069 incutitur

263 2104 368 2156 aut
410 2112 493 2155 ex
533 2094 810 2170 ipsorum
851 2094 1143 2170 periculis
1183 2103 1288 2155 aut
1326 2111 1407 2155 ex
1447 2092 1892 2154 communibus.
1954 2090 2210 2153 interior
2240 2103 2333 2153 est

264 2178 364 2239 ille
400 2179 715 2253 proprius:
761 2180 873 2239 sed
905 2178 1005 2239 hic
1037 2194 1287 2255 quoque
1325 2176 1665 2239 communis
1700 2177 1780 2236 ad
1816 2178 2092 2237 eamdem
2124 2175 2331 2236 simili-

270 2263 537 2325 tudinem
570 2271 666 2323 est
694 2263 1148 2337 perducendus.
1213 2263 1332 2322 LII.
1378 2263 1492 2321 Par
1521 2271 1704 2337 atquc
1728 2278 1853 2322 una
1875 2259 2028 2322 ratio
2055 2270 2152 2322 est
2176 2260 2334 2336 spei,

267 2344 559 2420 laetitiae,
606 2345 955 2416 molestiae3
1001 2349 1113 2408 scd
1157 2347 1319 2407 haud
1351 2345 1540 2407 sciam
1571 2363 1648 2405 an
1680 2345 2014 2407 acerrimus
2044 2346 2228 2420 longe
2257 2344 2335 2406 sit

267 2428 538 2490 omnium
565 2439 767 2491 motus
797 2429 1064 2490 invidiae
1089 2447 1203 2490 nec
1225 2430 1428 2490 minus
1453 2430 1673 2491 virium
1697 2448 1858 2505 opus
1888 2429 1965 2492 sit
1986 2432 2043 2489 in
2070 2447 2145 2490 ea
2168 2446 2333 2489 com-

268 2511 589 2584 primenda
632 2531 815 2587 quam
855 2513 915 2574 in
949 2512 1293 2574 excitanda.
1351 2514 1634 2575 Invident
1662 2523 1864 2574 autem
1892 2514 2176 2574 homines
2210 2531 2333 2574 ma-

270 2595 430 2656 xime
463 2596 714 2671 paribus
744 2606 849 2658 aut
875 2595 1299 2667 inferioribuS,
1332 2615 1519 2670 quum
1549 2615 1618 2657 se
1643 2596 1892 2657 relictos
1925 2597 2222 2669 sentiunt,
2267 2597 2335 2658 il-

270 2682 365 2740 los
405 2690 608 2740 autem
656 2681 865 2741 dolent
893 2682 1211 2750 evolasse;
1260 2681 1375 2741 sed
1424 2680 1607 2741 etiam
1642 2680 2064 2754 superioribus
2100 2680 2335 2741 invide-

268 2774 363 2825 tur
393 2768 584 2837 saepe
618 2764 1012 2826 vehementer
1042 2773 1103 2825 et
1131 2781 1206 2824 eo
1232 2763 1456 2838 magis,
1497 2765 1549 2824 si
1575 2763 1997 2824 intolerantius
2023 2781 2091 2823 sc
2112 2763 2338 2823 iactant

270 2858 329 2908 et
371 2848 864 2921 aequabilitatem
911 2847 1252 2909 communis
1293 2846 1443 2908 iuris
1473 2846 1849 2923 praestantia
1883 2846 2195 2923 dignitatis
2232 2857 2338 2907 aut

270 2933 549 2992 fortunae
580 2947 730 2992 suae
758 2940 1091 2994 transeunt.
1156 2933 1325 3006 Quae
1350 2930 1403 2992 si
1424 2930 1861 2992 inflammanda
1885 2940 2045 3005 sunt,
2074 2929 2337 2992 maxime

269 3015 597 3076 dicendum
626 3024 722 3076 est
750 3033 873 3075 non
907 3032 1050 3076 esse
1083 3015 1301 3076 virtute
1333 3026 1535 3091 parta,
1586 3014 1810 3077 deinde
1840 3016 2019 3078 etiam
2056 3014 2222 3077 vitiis
2250 3025 2332 3076 at·

270 3115 390 3174 que
426 3097 728 3172 peccatiS,
776 3107 934 3171 turn,
981 3098 1034 3158 si
1070 3109 1247 3160 erunt
1280 3098 1637 3162 honestiora
1667 3111 1852 3176 atque
1887 3099 2202 3173 graviora,
2250 3107 2337 3157 ta-

268 3199 407 3244 men
451 3199 573 3241 non
622 3199 767 3244 esse
808 3184 952 3243 tanti
987 3183 1111 3243 ulla
1146 3182 1389 3256 merita,
1443 3194 1668 3260 quanta
1716 3183 2042 3243 insolentia
2072 3179 2334 3241 hominis

271 3277 691 3341 quantumque
728 3266 1054 3328 fastidium.
1123 3267 1266 3328 210.
1311 3268 1412 3326 Ad
1456 3268 1797 3328 sedandum
1833 3276 2067 3338 autem,
2116 3282 2336 3339 magno

269 3346 372 3410 illa
405 3350 644 3423 labore,
694 3351 930 3426 magnis
978 3349 1269 3426 periculis
1305 3367 1449 3411 esse
1487 3360 1659 3426 parta
1692 3368 1809 3411 nec
1844 3351 1925 3410 ad
1959 3366 2138 3410 suum
2173 3364 2338 3409 com·

264 3440 515 3499 modum
536 3489 549 3510 ,
584 3441 698 3501 sed
730 3441 807 3499 ad
839 3439 1097 3507 aliorum
1130 3455 1275 3498 esse
1306 3441 1552 3509 collata,
1587 3453 1747 3512 quae
1784 3435 1839 3497 si
1871 3451 2054 3511 quam
2087 3436 2342 3511 gloriam

265 3522 591 3597 peperisse
643 3524 992 3596 videantur,
1044 3521 1370 3582 tamenetsi
1410 3538 1485 3582 ea
1525 3536 1649 3580 non
1704 3519 1783 3580 sit
1842 3518 2052 3595 iniqua
2108 3536 2342 3580 merces
