2622 3908
764 262 909 320 [ΑΒ.
934 263 979 318 1.
1026 261 1190 320 CAP.
1219 270 1457 362 ¹3.-2⁰·
1503 254 1553 348 §l-
1580 269 1823 324 84—92.
2232 260 2307 322 19

231 413 628 475 Menedemus
657 410 958 486 exemplis
988 411 1183 486 magis
1215 429 1400 487 quam
1431 414 1801 488 argumentis
1844 413 2187 476 conabatur
2215 431 2309 476 re-

226 498 459 559 fellere.
513 493 865 555 Memoriter
907 493 1067 554 enim
1120 497 1307 557 multa
1360 512 1437 555 ex
1491 496 1869 558 orationibus
1908 496 2306 558 Demostheni

231 583 547 657 praeclare
590 577 820 653 scripta
857 577 1259 652 pronuntians
1280 625 1295 659 e
1333 580 1596 640 docebat
1636 580 1804 642 illum
1844 580 1905 641 in
1947 581 2164 641 animis
2208 583 2303 641 vel

231 662 501 725 iudicum
531 665 630 722 vel
661 660 877 737 populi
906 661 968 721 in
999 678 1241 722 omnem
1281 672 1517 737 partem
1562 662 1824 725 dicendo
1867 663 2306 740 permovendis

234 764 352 807 non
388 745 584 806 fuisse
614 744 924 821 ignarum,
970 743 1195 820 quibus
1238 763 1313 806 ea
1353 747 1541 806 rebus
1585 757 2099 823 consequeretur,
2148 764 2307 823 quae

231 838 485 905 negaret
513 827 613 889 ille
656 828 790 889 sine
821 827 1220 904 philosophia
1251 847 1620 905 quemquam
1661 848 1851 891 nosse
1881 848 2091 906 posse.
2177 833 2305 892 XX.

228 913 330 976 89.
400 916 556 977 Huic
595 914 1021 988 respondebat
1063 929 1188 973 non
1232 929 1303 973 se
1350 928 1579 988 negare
1645 915 2121 976 Demosthenem
2145 931 2306 976 sum-

232 1011 390 1058 mam
422 998 807 1072 prudentiam
839 1012 1264 1072 summamque
1292 996 1418 1057 vim
1446 997 1740 1059 habuisse
1771 997 2046 1070 dicendi,
2082 1001 2192 1059 sed
2226 997 2306 1059 si—

230 1099 307 1142 ve
337 1079 441 1140 ille
471 1080 589 1140 hoc
619 1077 866 1154 ingenio
899 1079 1205 1154 potuisset
1233 1079 1397 1153 sive,
1429 1080 1493 1140 id
1538 1084 1706 1156 quod
1737 1089 2075 1155 constaret,
2105 1083 2305 1154 Platon

232 1164 326 1225 nis
359 1162 676 1225 studiosus
708 1161 999 1223 audiendi
1031 1163 1280 1238 fuisset,
1328 1181 1450 1224 non
1496 1165 1644 1239 quid
1684 1164 1786 1225 ille
1826 1165 2163 1241 potuisset,
2195 1166 2305 1225 sed

234 1247 380 1325 quid
412 1246 514 1308 isti
543 1248 838 1307 docerent
864 1263 1009 1307 esse
1041 1248 1478 1322 quaerendum.
1524 1247 1625 1309 90.
1659 1248 1862 1322 Saepe
1886 1248 2064 1308 etiam
2089 1247 2148 1307 in
2174 1265 2306 1308 eam

233 1340 467 1408 partem
499 1330 803 1390 ferebatur
831 1329 1138 1405 oratione,
1167 1338 1234 1392 ut
1277 1332 1523 1392 omnino
1567 1330 1908 1408 disputaret
1947 1333 2172 1392 nullam
2212 1348 2308 1391 ar-

220 1425 351 1477 tem
381 1431 526 1475 esse
569 1413 844 1484 dicendi;
888 1413 1078 1490 idque
1121 1432 1308 1490 quum
1349 1416 1721 1491 argumentis
1766 1417 2090 1488 docuerat,
2139 1416 2307 1491 quod

229 1498 312 1560 ita
343 1497 468 1559 nati
497 1514 811 1571 essemuS,
843 1506 908 1559 ut
937 1506 998 1559 et
1025 1499 1286 1559 blandiri
1332 1499 1690 1576 suppliciter
1732 1507 1791 1560 et
1831 1499 2130 1561 subtiliter
2159 1499 2305 1559 insi-

232 1598 422 1644 nuare
453 1581 546 1655 iis,
577 1599 617 1642 a
647 1581 870 1657 quibus
901 1590 1070 1643 esset
1097 1585 1448 1658 petendum,
1480 1592 1541 1644 et
1567 1584 1960 1644 adversarios
1992 1583 2307 1644 minaciter

232 1676 462 1728 terrere
492 1682 821 1741 possemus
853 1674 913 1726 et
940 1683 1070 1726 rem
1099 1676 1334 1741 gestam
1366 1684 1681 1743 exponere
1713 1676 1773 1728 et
1800 1666 1881 1741 id,
1914 1669 2082 1742 quod
2114 1667 2307 1727 inten—

230 1752 549 1822 deremuS,
582 1750 944 1810 confirmare
975 1760 1036 1811 et
1071 1750 1164 1825 id,
1198 1752 1368 1826 quod
1399 1758 1610 1811 contra
1652 1750 1984 1824 diceretur,
2027 1751 2307 1811 refellere

229 1841 295 1894 et
320 1835 400 1894 ad
430 1840 765 1894 extremum
796 1833 1116 1908 deprecari
1145 1833 1376 1909 aliquid
1408 1843 1468 1894 et
1498 1834 1823 1910 conqueri,
1868 1834 2092 1909 quibus
2122 1833 2181 1893 in
2213 1851 2297 1894 re-

232 1919 349 1978 bus
381 1915 577 1977 omnis
611 1924 918 1978 oratorum
951 1926 1296 1978 versaretur
1327 1918 1603 1991 facultaS,
1633 1927 1694 1978 et
1724 1919 1891 1993 quod
1922 1918 2305 1979 consuetudo

231 1999 713 2076 exercitatioque
745 2010 805 2061 et
832 2000 1207 2076 intelligendi
1236 1999 1619 2076 prudentiam
1648 2011 1896 2061 acueret
1925 2010 1985 2061 et
2013 2003 2303 2075 eloquen-

230 2085 293 2144 di
325 2083 692 2146 celeritatem
722 2083 1027 2156 incitaret3
1059 2093 1183 2145 tum
1208 2083 1387 2145 etiam
1416 2085 1834 2159 exemplorum
1865 2083 2048 2159 copia
2075 2084 2306 2144 niteba-

233 2180 347 2229 tur.
417 2167 518 2229 91.
564 2170 713 2228 Nam
744 2167 1001 2243 primum
1035 2168 1215 2243 quasi
1246 2168 1452 2229 dedita
1495 2185 1687 2244 opera
1715 2165 2016 2229 neminem
2047 2168 2297 2243 scripto·

232 2268 361 2312 rem
406 2252 554 2312 artis
597 2269 674 2312 ne
715 2250 1106 2313 mediocriter
1163 2252 1409 2329 quidem
1457 2252 1753 2313 disertum
1809 2251 2002 2313 fuisse
2043 2252 2303 2323 dicebat,

233 2353 422 2412 quum
452 2344 757 2411 repeteret
787 2351 988 2411 usque
1030 2353 1067 2394 a
1110 2336 1340 2397 Corace
1382 2338 1593 2397 nescio
1639 2354 1760 2411 quo
1806 2344 1866 2397 et
1905 2335 2097 2410 Tisia,
2144 2353 2303 2411 quos

226 2417 377 2480 artis
409 2419 570 2480 illius
598 2417 954 2494 inventores
986 2426 1046 2479 et
1074 2419 1391 2496 principes
1423 2419 1616 2481 fuisse
1640 2429 1977 2492 constaret,
2010 2422 2302 2494 eloquen-

224 2501 503 2565 tissimos
533 2513 736 2564 autem
765 2501 1064 2576 homineS,
1100 2503 1205 2578 qui
1235 2503 1353 2565 ista
1382 2520 1496 2564 nec
1527 2502 1889 2564 didicissent
1919 2520 2032 2565 nec
2056 2501 2301 2565 omnino

228 2585 391 2647 scire
422 2594 774 2660 curassent,
803 2585 1275 2647 innumerabiles
1308 2587 1612 2662 quosdam
1655 2587 2032 2660 nominabat3
2076 2588 2138 2647 in
2171 2586 2302 2662 qui-

229 2682 346 2731 bus
378 2668 589 2742 etiam,
633 2668 765 2730 sive
793 2669 895 2731 ille
922 2669 1185 2731 irridens
1229 2669 1362 2731 sive
1408 2672 1574 2746 quod
1616 2670 1699 2730 ita
1741 2679 1981 2745 putaret
2008 2680 2192 2747 atque
2221 2670 2303 2731 ita

225 2753 523 2827 audisset,
555 2771 652 2813 me
682 2753 739 2813 in
773 2753 876 2815 illo
904 2770 1174 2827 numero,
1209 2753 1315 2829 qui
1342 2753 1444 2814 illa
1473 2769 1596 2814 non
1622 2752 1975 2813 didicissem
2001 2762 2302 2826 ettamen,

227 2846 294 2898 ut
323 2836 460 2913 ipse
492 2836 752 2907 dicebat,
788 2854 1038 2912 possem
1068 2837 1299 2913 aliquid
1333 2837 1392 2898 in
1425 2836 1706 2910 dicendo,
1737 2838 2107 2912 proferebat.
2141 2838 2302 2911 Quo-

226 2938 359 2982 rum
392 2937 507 2995 ego
538 2922 792 2981 alterum
822 2920 905 2980 illi
938 2920 1114 2982 facile
1143 2921 1562 2996 adsentiebar,
1590 2919 1737 2981 nihil
1765 2938 1862 2982 me
1892 2920 2204 2994 didicisse,
2242 2920 2301 2982 in

226 3006 419 3065 altero
449 3013 651 3065 autem
682 3021 778 3064 me
805 3003 975 3064 illudi
1003 3006 1081 3065 ab
1111 3022 1184 3065 eo
1217 3016 1323 3067 aut
1362 3004 1542 3067 etiam
1573 3005 1775 3081 ipsum
1817 3022 2020 3067 errare
2052 3006 2300 3066 arbitra-

225 3089 355 3148 bar.
373 3074 528 3154 x192.
572 3090 781 3148 Artem
813 3104 960 3148 vero
986 3091 1249 3165 negabat
1277 3106 1421 3150 esse
1449 3090 1664 3163 ullam,
1707 3088 1825 3150 nisi
1855 3106 2012 3166 quae
2042 3087 2302 3163 cognitis

225 3172 602 3249 penitusque
680 3169 1029 3248 perspectis
1071 3183 1131 3234 et
1169 3171 1230 3233 in
1275 3191 1463 3234 unum
1507 3173 1737 3234 exitum
1779 3171 2201 3247 spectantibus
2241 3183 2302 3231 et

226 3272 559 3331 numquam
604 3254 951 3316 salientibus
993 3257 1178 3317 rebus
1223 3256 1651 3319 contineretur.
1723 3258 1891 3316 Haec
1932 3264 2133 3315 autem
2174 3271 2296 3315 om-

228 3338 358 3413 nia,
395 3356 556 3415 quae
587 3347 987 3400 tractarentur
1015 3342 1092 3400 ab
1125 3340 1503 3415 oratoribuS,
1547 3339 1734 3400 dubia
1770 3356 1915 3399 esse
1951 3348 2010 3399 et
2038 3337 2298 3410 incerta3

226 3422 519 3500 quoniam
550 3432 611 3483 et
639 3422 986 3484 dicerentur
1009 3425 1085 3484 ab
1115 3422 1222 3499 iis,
1267 3423 1372 3500 qui
1410 3425 1613 3487 omnia
1657 3440 1731 3485 ea
1771 3440 1892 3483 non
1922 3424 2106 3499 plane
2137 3432 2297 3485 tene-

225 3517 392 3576 rent,
425 3515 487 3567 et
516 3506 871 3567 audirentur
898 3506 974 3567 ab
1005 3505 1080 3568 iis
1099 3554 1115 3579 ,
1145 3507 1370 3583 quibus
1412 3524 1536 3568 non
1581 3505 1837 3567 scientia
1864 3516 2034 3627 esset
2062 3510 2295 3568 traden-

1817 3599 1851 3645 2
