2622 3908
335 234 376 294 8
1124 231 1224 291 DE
1269 230 1633 291 ORATORE

337 383 599 443 maxime
630 381 842 443 bestiis
880 392 1220 457 praestent,
1252 381 1315 441 in
1347 382 1466 443 hoc
1497 381 1844 443 hominibus
1876 382 2030 459 ipsis
2054 386 2412 444 antecellat3

341 467 412 527 Ut
456 484 604 528 vero
645 465 764 526 iam
805 466 885 525 ad
926 465 1029 524 illa
1067 483 1304 526 summa
1347 466 1698 538 veniamuS,
1745 484 1905 542 quae
1947 465 2042 526 vis
2075 466 2195 526 alia
2225 467 2415 542 potuit

333 561 437 611 aut
465 550 789 625 dispersos
818 549 1098 610 homines
1128 567 1316 610 unum
1356 549 1415 609 in
1455 551 1659 610 locum
1688 566 2066 625 congregare
2095 561 2199 611 aut
2228 567 2263 610 a
2293 552 2414 611 fera

334 634 685 710 agrestique
731 632 854 694 vita
897 633 977 692 ad
1017 633 1181 694 hunc
1212 633 1542 694 humanum
1573 634 1801 694 cultum
1833 632 2195 708 civilemque
2226 635 2416 695 dedu-

332 735 474 778 cere
503 727 608 779 aut
635 717 754 777 iarn
785 716 1130 778 constitutis
1161 717 1506 778 civitatibus
1536 718 1725 792 legeS,
1757 716 2001 789 iudicia,
2033 716 2166 777 iura
2189 718 2414 779 descri-

333 803 522 862 bere?
580 799 682 862 34.
710 805 804 861 Ac
835 818 913 860 ne
944 801 1136 875 plura,
1171 817 1331 876 quae
1362 810 1505 862 sunt
1533 817 1733 876 paene
1759 800 2238 873 innumerabilia,
2273 817 2415 862 con-

333 896 563 960 secter,
609 884 1123 960 comprehendam
1159 885 1361 946 brevit
1410 884 1499 946 sic
1530 884 1689 945 enim
1718 894 1949 957 statu0,
1994 884 2252 959 perlecti
2283 901 2413 944 ora·

332 969 480 1029 toris
524 967 946 1030 moderatione
987 974 1047 1026 et
1089 969 1393 1044 sapientia
1429 987 1551 1031 non
1583 969 1783 1029 solum
1812 967 2013 1044 ipsius
2046 967 2413 1043 dignitatem,

330 1054 443 1113 sed
467 1063 529 1114 et
552 1053 930 1128 privatorum
955 1052 1354 1127 plurimorum
1379 1062 1440 1114 et
1466 1051 1795 1114 universae
1822 1051 1913 1113 rei
1943 1051 2225 1127 publicae
2256 1054 2412 1111 salu-

329 1147 449 1198 tem
479 1135 743 1197 maxime
773 1134 1089 1197 contineri.
1149 1138 1554 1211 Quamobrem
1580 1135 1832 1212 pergite,
1865 1145 1930 1196 ut
1957 1135 2173 1207 facitiS,
2208 1136 2412 1196 adoles

332 1231 610 1292 scentes,
671 1229 854 1295 atque
910 1218 969 1279 in
1016 1221 1078 1280 id
1113 1221 1412 1294 studium,
1454 1220 1515 1281 in
1561 1238 1684 1295 quo
1730 1219 1908 1292 estiS,
1951 1219 2308 1290 incumbite,
2353 1229 2414 1279 ut

327 1315 388 1365 et
416 1304 594 1366 vobis
627 1302 846 1365 honori
876 1313 937 1365 et
964 1299 1178 1365 amicis
1207 1304 1446 1365 utilitati
1486 1313 1546 1365 et
1572 1305 1661 1364 rei
1691 1303 1977 1379 publicae
2006 1304 2412 1363 emolumento

328 1405 470 1448 esse
516 1387 789 1462 possitis.
878 1389 977 1446 IX.
1034 1387 1137 1449 35.
1187 1390 1338 1448 Tum
1383 1388 1685 1448 Scaevola
1728 1388 2008 1459 comiter,
2051 1395 2117 1447 ut
2160 1387 2412 1457 solebat,

329 1472 612 1544 Caetera,
643 1471 869 1546 inquit,
901 1472 1216 1532 adsentior
1247 1473 1502 1545 CraSSO,
1551 1487 1628 1530 ne
1660 1480 1765 1532 aut
1792 1472 1869 1531 de
1900 1471 1962 1530 C.
1993 1469 2183 1530 Laelii
2214 1472 2412 1531 soceri

327 1554 445 1616 mei
521 1565 626 1616 aut
667 1557 744 1616 de
787 1554 968 1615 huius
1012 1555 1222 1630 generi
1262 1565 1368 1616 aut
1395 1566 1524 1617 arte
1554 1562 1660 1616 aut
1687 1555 1882 1631 gloria
1912 1553 2257 1625 detraham;
2302 1554 2414 1614 sed

325 1641 427 1699 illa
470 1641 627 1712 duo,
672 1639 925 1710 Crasse,
974 1655 1192 1700 vereor
1233 1649 1300 1700 ut
1344 1639 1449 1700 tibi
1493 1638 1730 1715 possim
1774 1639 2151 1700 concedere=
2208 1654 2412 1708 unum,

327 1725 496 1800 quod
539 1724 617 1782 ab
664 1721 1008 1784 oratoribus
1069 1723 1347 1785 civitates
1404 1731 1463 1784 et
1504 1722 1673 1785 initio
1720 1721 2082 1783 constitutas
2124 1732 2183 1784 et
2225 1738 2412 1796 saepe

324 1816 725 1868 conservatas
770 1822 914 1867 esse
956 1806 1196 1879 dixisti,
1241 1808 1529 1880 alterum,
1578 1807 1749 1882 quod
1791 1816 2025 1867 remoto
2058 1807 2224 1880 foro,
2267 1821 2408 1866 con-

323 1891 520 1962 tione,
552 1890 796 1951 iudiciis
812 1937 828 1965 ,
859 1901 1076 1952 senatu
1103 1891 1367 1952 statuisti
1432 1900 1735 1953 oratorem
1758 1890 1821 1951 in
1845 1891 2013 1956 omni
2033 1905 2259 1966 genere
2284 1905 2415 1949 ser-

323 1975 523 2037 monis
554 1985 615 2037 et
644 1974 1034 2037 humanitatis
1065 1993 1208 2037 esse
1238 1978 1599 2051 perfectum.
1660 1976 1763 2037 36.
1808 1974 1955 2050 Quis
1979 1973 2142 2036 enim
2168 1974 2271 2036 tibi
2292 1975 2411 2034 hoc

323 2058 731 2131 concesserit,
775 2068 880 2120 aut
920 2059 1090 2121 initio
1127 2077 1323 2135 genus
1358 2060 1671 2122 hominum
1702 2060 1763 2119 in
1793 2059 2101 2120 montibus
2131 2074 2205 2118 ac
2236 2055 2410 2119 silvis

322 2144 689 2219 dissipatum
712 2160 835 2203 non
856 2142 1246 2217 prudentium
1270 2144 1545 2205 consiliis
1569 2145 1956 2220 compulsum
1976 2140 2204 2217 potius,
2229 2157 2411 2217 quam

322 2227 692 2288 disertorum
734 2225 1009 2288 oratione
1051 2227 1381 2288 delenitum
1419 2246 1488 2289 33
1519 2228 1767 2304 oppidis
1797 2225 2245 2301 moenibusque
2276 2241 2409 2286 sae-

324 2311 573 2386 psisse?
612 2319 718 2371 aut
757 2328 905 2371 vero
946 2310 1219 2385 reliquas
1262 2311 1550 2373 utilitates
1593 2321 1697 2373 aut
1738 2311 1797 2371 in
1830 2309 2276 2371 constituendis
2308 2317 2413 2369 aut

324 2394 381 2457 in
425 2394 872 2456 conservandis
915 2393 1261 2457 civitatibus
1303 2412 1428 2456 non
1460 2414 1497 2456 a
1527 2394 1907 2472 sapientibus
1939 2404 1999 2455 et
2031 2393 2291 2455 fortibus
2321 2390 2409 2452 vi-

323 2478 438 2552 riS,
501 2480 614 2540 sed
666 2496 702 2537 a
754 2477 1003 2540 disertis
1046 2491 1383 2555 ornateque
1424 2479 1770 2541 dicentibus
1816 2496 1961 2540 esse
2004 2476 2413 2539 constitutas?

322 2558 420 2623 37.
469 2565 569 2622 An
611 2579 759 2623 vero
791 2561 899 2624 tibi
929 2564 1226 2625 Romulus
1250 2563 1354 2624 ille
1382 2573 1487 2624 aut
1513 2574 1797 2639 pastores
1828 2571 1890 2623 et
1918 2577 2231 2623 convenas
2263 2576 2410 2621 con-

321 2662 617 2721 gregasse
662 2656 767 2707 aut
808 2645 1174 2708 Sabinorum
1229 2647 1496 2707 conubia
1564 2645 1963 2708 coniunxisse
1993 2655 2097 2706 aut
2124 2643 2409 2705 finitimo-

320 2746 453 2791 rum
494 2730 618 2791 vim
658 2730 1041 2807 repressisse
1070 2732 1426 2807 eloquentia
1452 2731 1725 2805 videtur,
1768 2747 1893 2790 non
1929 2728 2191 2791 consilio
2222 2737 2282 2789 et
2312 2743 2407 2787 sa·

319 2814 551 2890 pientia
582 2814 922 2890 singulari?
980 2814 1178 2888 Quid?
1218 2815 1280 2875 in
1303 2817 1500 2875 Numa
1519 2814 1849 2890 Pompili03
1883 2812 2075 2889 quid?
2102 2812 2163 2872 in
2191 2810 2410 2872 Servio

317 2897 544 2971 Tullio,
591 2898 780 2973 quid?
820 2898 883 2959 in
914 2899 1173 2960 caeteris
1201 2899 1484 2975 regibuS,
1520 2913 1781 2975 quorum
1808 2899 1997 2958 multa
2020 2905 2163 2957 sunt
2185 2893 2414 2956 eximia

318 2982 399 3041 ad
430 2981 922 3043 constituendam
949 2999 1079 3042 rem
1107 2984 1448 3059 publicam,
1484 3001 1629 3043 num
1661 2980 2050 3056 eloquentiae
2079 2977 2412 3054 vestigium

318 3073 622 3154 apparet?
675 3065 874 3140 Quid?
915 3066 1150 3129 exactis
1180 3067 1462 3143 regibus,
1507 3065 1748 3128 tametsi
1790 3065 1991 3141 ipsam
2022 3062 2412 3124 exactionem

318 3160 552 3224 mente,
604 3167 728 3210 non
771 3151 978 3248 lingua
1017 3153 1353 3226 perfectam
1389 3152 1456 3211 L.
1499 3150 1671 3212 Bruti
1713 3166 1858 3210 esse
1902 3147 2240 3219 cernimus,
2295 3147 2414 3208 sed

319 3234 616 3310 deinceps
661 3234 866 3295 omnia
906 3251 1112 3295 nonne
1150 3238 1335 3311 plena
1374 3234 1802 3306 consiliorum,
1847 3232 2052 3293 inania
2083 3232 2414 3292 verborum

321 3316 599 3379 videmus
617 3326 647 3377 ἵ
687 3318 787 3380 38.
818 3320 949 3394 Ego
980 3335 1129 3379 vero
1162 3318 1214 3379 si
1244 3318 1429 3379 velim
1459 3328 1518 3379 et
1546 3328 1793 3380 nostrae
1817 3315 2080 3377 civitatis
2106 3315 2415 3390 exemplis

320 3400 406 3461 uti
437 3411 497 3462 et
524 3402 809 3475 aliarum,
851 3404 1025 3478 plura
1054 3404 1332 3478 proferre
1362 3402 1599 3478 possim
1629 3402 1991 3463 detrimenta
2021 3398 2283 3476 publicis
2314 3415 2416 3459 re-

319 3484 461 3556 bttS,
507 3503 690 3561 quam
733 3485 1083 3548 adiumenta
1123 3503 1234 3563 per
1275 3486 1553 3547 homines
1596 3483 2139 3561 eloquentissimos
2183 3482 2413 3553 impor-
