2622 3908
716 258 861 317 LIB.
884 258 957 316 11.
995 258 1158 318 CAP.
1184 266 1427 321 84—85.
1462 265 1514 326 s.
1537 234 1850 322 3414-349.
2195 259 2315 320 139

233 413 312 472 tis
341 407 574 470 minus:
617 407 797 484 ipsos
832 407 994 469 enim
1023 408 1218 484 magis
1245 407 1542 479 videntur,
1577 425 1735 483 quos
1760 410 2102 480 laudamuS,
2131 428 2312 484 quam

232 492 406 566 illoS‚
451 492 619 567 apud
652 508 811 567 quos
846 492 1198 564 laudamuS,
1250 509 1470 552 ornare
1505 510 1579 552 ac
1615 492 1787 554 tueri.
1863 493 1989 553 Sed
2018 502 2217 554 tamen
2251 493 2312 553 in

234 576 547 637 laudando
580 574 891 650 iungenda
922 585 1062 637 sunt
1091 575 1273 636 etiam
1301 576 1454 636 haec
1485 592 1712 650 genera
1739 577 2045 637 virtutum.
2088 577 2316 638 Ferunt

234 659 397 720 enim
427 674 609 719 aures
633 658 977 730 hominum,
1016 677 1201 734 quum
1225 658 1359 733 illa,
1393 676 1551 734 quae
1580 658 1850 720 iucunda
1872 670 1932 721 et
1953 668 2152 735 grata,
2192 671 2313 721 tum

234 743 420 804 etiam
448 742 582 814 illa,
616 758 776 817 quae
807 741 1107 802 mirabilia
1139 751 1282 803 sunt
1308 742 1371 801 in
1407 741 1654 817 virtute,
1694 741 1948 802 laudari.
2020 744 2312 803 LXXXV.

231 825 379 888 345.
435 826 510 886 Et
546 824 836 899 quoniam
877 825 1251 900 singularum
1287 825 1575 886 virtutum
1619 835 1761 888 sunt
1801 835 1968 886 certa
2012 828 2313 900 quaedam

236 910 445 971 officia
472 925 546 969 ac
578 925 833 969 munera
862 918 923 970 et
953 926 1068 969 sua
1097 908 1321 984 cuique
1355 909 1556 971 virtuti
1586 911 1721 970 laus
1752 909 2007 984 propria
2036 910 2309 984 debetur,

235 993 350 1055 erit
378 991 814 1067 explicandum
841 992 902 1053 in
935 993 1115 1053 laude
1143 992 1440 1068 iustitiae,
1473 993 1621 1068 quid
1651 1010 1789 1053 cum
1817 993 1968 1066 fide,
2003 991 2151 1068 quid
2176 1010 2313 1052 cum

234 1075 698 1151 aequabilitate,
745 1076 893 1152 quid
929 1092 1067 1135 curn
1102 1075 1405 1138 eiusmodi
1435 1076 1642 1151 aliquo
1676 1076 1881 1136 officio
1916 1076 2003 1149 is,
2044 1074 2150 1150 qui
2186 1077 2318 1136 lau-

235 1159 508 1232 dabitur,
545 1159 774 1220 fecerit.
844 1161 1119 1235 Itemque
1148 1159 1209 1219 in
1241 1159 1499 1220 caeteris
1528 1177 1629 1220 res
1661 1167 1872 1234 gestae
1901 1161 1978 1219 ad
2012 1158 2314 1234 cuiusque

234 1242 477 1304 virtutis
501 1259 695 1317 genus
720 1253 792 1326 et·
802 1244 925 1302 vim
948 1252 1008 1304 et
1030 1260 1252 1303 nomen
1276 1243 1921 1303 accommodabuntur.
1976 1241 2119 1304 346.
2166 1242 2311 1302 Gra-

237 1326 474 1389 tissima
509 1335 710 1387 autem
743 1328 877 1387 laus
910 1343 1124 1387 eorum
1156 1328 1451 1387 factorum
1494 1326 1780 1400 habetur,
1832 1343 1992 1401 quac
2022 1336 2313 1402 suscepta

234 1410 522 1471 videntur
551 1426 589 1469 a
616 1408 765 1470 viris
797 1409 1058 1471 fortibus
1089 1409 1222 1471 sine
1253 1411 1661 1471 emolumento
1692 1426 1767 1470 ac
1795 1410 2101 1486 praemi03
2153 1427 2312 1485 quae

236 1511 389 1555 vero
435 1493 616 1554 etiam
660 1510 798 1553 cum
845 1495 1055 1555 labore
1094 1510 1170 1554 ac
1199 1494 1475 1568 periculo
1519 1494 1827 1570 ipsorum,
1882 1494 2037 1555 haec
2087 1494 2313 1554 habent

234 1576 604 1639 uberrimam
634 1577 877 1652 copiam
907 1579 987 1637 ad
1023 1579 1424 1652 laudandum,
1475 1578 1643 1655 quod
1674 1587 1735 1639 et
1766 1577 1886 1638 dici
1926 1577 2312 1639 ornatissime

235 1671 502 1738 possunt
530 1670 591 1721 et
617 1660 815 1721 audiri
851 1659 1151 1722 facillime.
1210 1663 1301 1721 Ea
1334 1661 1493 1722 enim
1524 1662 1795 1736 denique
1822 1661 2015 1723 virtus
2047 1679 2192 1723 esse
2224 1661 2310 1721 vi·

234 1747 415 1806 detur
455 1744 824 1819 praestantis
865 1743 1010 1819 viri,
1084 1761 1244 1820 quae
1305 1752 1400 1803 est
1447 1746 1765 1804 fructuosa
1812 1745 1976 1816 aliis,
2035 1747 2154 1820 ipsi
2212 1754 2315 1807 aut

237 1827 545 1890 laboriosa
575 1838 681 1889 aut
708 1826 1059 1903 periculosa
1087 1837 1190 1888 aut
1222 1837 1386 1888 certe
1413 1827 1691 1902 gratuita.
1748 1828 1971 1901 Magna
2003 1826 2181 1887 etiam
2209 1828 2312 1886 illa

234 1915 372 1974 laus
400 1920 463 1972 et
490 1911 862 1973 admirabilis
893 1910 1088 1973 videri
1117 1913 1275 1972 solet
1304 1910 1518 1995 tulisse
1547 1926 1731 1972 casus
1763 1911 2070 1985 sapienter
2092 1912 2307 1970 adver-

234 2013 379 2070 soS,
424 2013 546 2056 non
588 1998 843 2057 fractum
876 2013 1017 2056 esse
1059 1997 1330 2068 fortuna,
1382 1994 1711 2056 retinuisse
1739 1994 1800 2054 in
1842 1996 2027 2054 rebus
2069 1993 2309 2069 asperis

231 2079 608 2155 dignitatem.
652 2078 796 2141 347.
827 2082 1040 2156 Neque
1063 2088 1262 2140 tamen
1280 2078 1383 2139 illa
1402 2096 1523 2140 non
1550 2086 1785 2151 ornant,
1808 2076 1996 2138 habiti
2019 2078 2306 2149 honoreS,

234 2166 486 2224 decreta
526 2163 765 2225 virtutis
806 2163 1105 2239 praemia,
1156 2180 1259 2224 res
1290 2172 1502 2237 gestae
1532 2161 1775 2223 iudiciis
1808 2160 2116 2222 hominurn
2144 2178 2306 2221 com-

235 2248 560 2324 probatae;
605 2247 666 2307 in
700 2246 924 2323 quibus
958 2247 1138 2310 etiam
1168 2247 1515 2309 felicitatem
1548 2246 1748 2323 ipsam
1782 2247 2033 2306 deorum
2062 2245 2306 2306 immor-

234 2329 444 2393 talium
490 2330 716 2392 iudicio
760 2330 942 2393 tribui
984 2332 1352 2393 laudationis
1397 2341 1511 2394 est.
1586 2331 1933 2393 Sumendae
1974 2339 2175 2392 autem
2205 2344 2307 2389 res

233 2423 415 2476 erunt
455 2424 559 2476 aut
601 2414 1014 2490 magnitudine
1056 2416 1456 2492 praestabiles
1496 2425 1602 2478 aut
1637 2415 1904 2477 novitate
1939 2415 2172 2490 primae
2205 2421 2309 2474 aut

232 2515 460 2574 genere
502 2498 640 2574 ipso
685 2498 1046 2574 singulares.
1114 2501 1329 2575 Neque
1361 2499 1521 2560 enim
1554 2517 1780 2576 parvae
1816 2516 2017 2574 neque
2048 2498 2308 2560 usitatae

231 2599 440 2657 neque
470 2584 755 2658 vulgares
798 2582 1198 2645 admiratione
1229 2590 1333 2644 aut
1368 2583 1611 2645 omnino
1647 2583 1827 2643 laude
1857 2583 2077 2657 dignae
2113 2580 2307 2642 videri

233 2667 453 2727 solent.
502 2666 645 2729 348.
688 2668 799 2728 Est
827 2667 1008 2728 etiam
1037 2684 1174 2728 cum
1200 2666 1461 2728 caeteris
1487 2666 1939 2743 praestantibus
1967 2666 2114 2726 viris
2141 2683 2310 2726 com·

232 2749 471 2825 paratio
502 2750 564 2810 in
599 2751 949 2812 laudatione
990 2755 1329 2826 praeclara.
1399 2754 1487 2812 De
1519 2768 1643 2826 quo
1666 2767 1895 2826 genere
1917 2752 2147 2812 libitum
2170 2754 2310 2816 mihi

228 2840 326 2892 est
353 2836 562 2909 paullo
608 2838 803 2910 plura,
858 2851 1039 2909 quam
1067 2837 1474 2907 ostenderam,
1507 2836 1731 2906 dicere,
1763 2850 1886 2894 non
1908 2841 2030 2895 tam
2055 2841 2308 2907 propter

231 2934 414 2979 usum
446 2919 781 2992 forensem,
814 2918 920 2993 qui
945 2926 1041 2980 cst
1061 2937 1099 2979 a
1123 2936 1220 2979 me
1243 2918 1304 2979 in
1334 2918 1500 2978 omni
1528 2919 1646 2979 hoc
1678 2934 1963 2978 sermone
1995 2926 2303 2988 tractatuS,

232 3018 418 3075 quam
442 3010 507 3061 ut
532 3002 650 3062 hoc
670 3000 975 3074 videretiS,
1001 3002 1054 3062 si
1074 3002 1458 3063 laudationes
1482 3011 1693 3064 essent
1708 3002 1767 3062 in
1793 3000 2052 3063 oratoris
2079 3000 2305 3074 officio,

231 3085 403 3158 quod
456 3101 634 3145 nemo
686 3094 899 3161 negat,
965 3085 1192 3147 oratori
1236 3085 1520 3147 virtutum
1565 3086 1832 3147 omnium
1876 3085 2305 3160 cognitionem,

231 3166 369 3227 sine
404 3184 528 3242 qua
561 3168 829 3230 laudatio
869 3168 1031 3229 effici
1063 3186 1187 3230 non
1220 3169 1448 3244 possit,
1487 3187 1631 3232 esse
1663 3169 2094 3231 necessariam.
2159 3166 2303 3229 349.

228 3252 356 3310 lam
391 3250 778 3326 vituperandi
809 3262 1141 3328 praecepta
1175 3253 1496 3314 contrariis
1530 3271 1610 3314 ex
1639 3252 1801 3313 vitiis
1832 3252 2130 3312 sumenda
2161 3267 2305 3312 esse

230 3334 625 3410 perspicuum
650 3345 764 3397 est.
809 3335 1000 3396 Simul
1024 3345 1121 3397 est
1141 3335 1289 3396 illud
1313 3346 1452 3397 ante
1475 3338 1711 3409 oculOS,
1732 3351 1847 3395 nec
1865 3336 2094 3396 bonum
2109 3334 2302 3395 virum

231 3417 482 3494 proprie
505 3428 565 3479 et
593 3419 850 3495 copiose
875 3421 1108 3480 laudari
1132 3418 1265 3480 sine
1291 3419 1576 3481 virtutum
1599 3435 1714 3480 nec
1739 3419 2081 3494 improbum
2107 3417 2302 3481 notari

229 3515 303 3560 ac
347 3500 678 3577 vituperari
721 3503 854 3564 sine
899 3503 1182 3565 vitiorum
1226 3501 1573 3576 cognitione
1620 3502 1769 3563 satis
1798 3502 2087 3576 insignite
2117 3513 2299 3577 atque
