2622 3908
388 234 513 297 124
1174 237 1271 297 DE
1315 237 1678 298 ORATORE

385 384 614 446 domini
661 384 836 446 iussu
875 386 1108 447 dixisse
1152 397 1211 448 et
1245 389 1411 448 illum
1439 389 1601 450 intus
1631 406 1792 450 esse.
1873 391 2091 451 Paucis
2135 402 2277 465 post
2318 391 2437 456 die·

385 469 501 528 bus
533 485 718 542 quum
746 470 825 528 ad
854 469 1138 530 Nasicam
1170 471 1444 533 venisset
1470 472 1704 533 Ennius
1740 483 1800 534 et
1828 491 1967 534 eum
1990 492 2027 534 a
2050 475 2232 534 ianua
2254 493 2426 550 quae

385 560 573 622 reret,
626 553 925 611 exclamat
973 553 1197 614 Nasica
1246 572 1317 615 se
1368 554 1531 615 domi
1574 574 1696 617 non
1741 573 1902 618 esse.
1991 559 2141 618 Tum
2181 559 2437 619 Enniuse

384 632 604 708 Quid,
636 651 776 709 ego
813 652 957 696 non
1000 653 1429 713 cognosco,
1464 639 1687 714 inquit,
1719 657 1988 700 vocem
2029 649 2277 701 tuam?
2332 641 2440 701 Hic

387 718 630 777 Nasica:
674 719 908 779 Homo
951 737 1031 780 es
1077 720 1506 797 impudens.
1561 724 1714 796 Ego
1763 740 1986 797 quum
2026 733 2092 785 te
2122 741 2437 799 quaere·

384 817 561 872 rem,
606 801 945 862 ancillae
987 812 1163 864 tuae
1209 804 1515 864 credidi
1573 816 1643 865 te
1687 806 2074 868 dominon
2121 823 2325 879 esse,
2368 816 2441 868 tu

384 883 562 942 mihi
606 901 754 944 non
799 885 1057 947 credis
1103 886 1301 962 ipsi?

552 980 694 1043 277.
740 980 851 1042 Est
877 984 1101 1043 bellum
1129 983 1277 1044 illud
1309 1001 1588 1061 quoque,
1634 1003 1712 1045 ex
1743 1003 1865 1061 quo
1897 984 1980 1057 is,
2015 985 2119 1061 qui
2149 985 2326 1057 dixit,
2364 985 2436 1044 ir·

385 1065 613 1126 ridetur
655 1065 714 1125 in
752 1082 826 1125 eo
860 1066 996 1139 ipso
1028 1083 1284 1141 genere,
1335 1086 1456 1143 quo
1487 1067 1668 1139 dixit;
1713 1077 1806 1140 ut,
1857 1086 2042 1144 quum
2071 1069 2139 1143 Q.
2168 1068 2445 1144 Opimius

385 1147 746 1220 consularis,
793 1149 898 1222 qui
931 1151 1426 1212 adolescentulus
1456 1154 1613 1211 male
1641 1152 1935 1222 audisset,
1969 1152 2183 1212 festivo
2216 1150 2444 1212 homini

381 1237 673 1307 Caecilio,
712 1235 818 1310 qui
842 1237 1151 1296 videretur
1183 1239 1427 1299 mollior
1447 1255 1562 1298 nec
1587 1246 1772 1309 esset,
1805 1237 2092 1297 dixisset:
2128 1238 2318 1312 Quid
2348 1245 2451 1309 tu,

381 1319 722 1379 Caecilia
746 1322 944 1380 mea?
973 1323 1276 1394 quando
1307 1324 1401 1382 ad
1430 1320 1789 1382 mevenis
1820 1337 1982 1380 cum
2011 1331 2142 1380 tua
2174 1324 2350 1380 colu
2381 1328 2457 1380 et

381 1411 605 1468 lana?
658 1406 816 1465 Non
860 1406 1020 1478 pol,
1051 1404 1274 1478 inquit,
1308 1406 1573 1464 audeo.
1633 1403 1804 1462 Nam
1848 1419 1956 1461 me
1985 1402 2076 1467 ad
2101 1401 2453 1458 famosas

390 1487 637 1547 vetuit
672 1494 911 1546 mater
952 1487 1359 1546 accedere.

559 1606 758 1664 LXIX.
802 1603 943 1666 278.
990 1605 1166 1665 Salsa
1198 1615 1341 1666 sunt
1368 1605 1566 1678 etiam,
1604 1622 1761 1680 quae
1785 1606 2010 1667 habent
2033 1601 2451 1677 suspicionem

391 1687 627 1748 ridiculi
672 1687 1123 1761 absconditam,
1180 1706 1302 1763 quo
1353 1690 1410 1749 in
1455 1705 1677 1764 genere
1721 1697 1816 1748 est
1858 1686 2046 1748 Siculi
2094 1685 2271 1758 illud,
2330 1685 2446 1757 cui,

390 1790 579 1847 quum
618 1771 926 1832 familiaris
959 1771 1206 1845 quidam
1237 1781 1594 1847 quereretur
1622 1773 1788 1847 quod
1814 1771 2044 1831 diceret
2065 1785 2323 1830 uxorem
2348 1785 2449 1828 su-

391 1873 488 1915 am
530 1856 935 1931 suspendisse
976 1873 1045 1915 sc
1080 1856 1159 1916 de
1193 1856 1343 1928 ficu,
1386 1857 1670 1915 Amabo
1717 1864 1815 1931 te,
1859 1853 2082 1929 inquit,
2129 1853 2222 1910 da
2266 1849 2450 1911 mihi

392 1957 482 2000 ex
527 1939 683 2001 ista
721 1940 1005 2001 arbore
1042 1957 1236 2015 quos
1274 1957 1520 2002 seram
1551 1940 1937 2001 surculos.
1997 1938 2063 1997 ln
2099 1935 2320 1996 eodem
2349 1951 2450 2009 ge-

393 2041 539 2084 nere
570 2033 681 2097 est,
714 2025 879 2100 quod
911 2023 1155 2084 Catulus
1185 2024 1338 2085 dixit
1367 2023 1605 2085 cuidam
1644 2021 1869 2083 oratori
1905 2022 2096 2091 malo3
2132 2017 2237 2093 qui
2264 2035 2450 2093 quum

392 2106 450 2167 in
483 2106 728 2182 epilogo
759 2105 1237 2167 misericordiam
1269 2124 1345 2167 se
1368 2107 1638 2168 movisse
1675 2114 1942 2181 putaret,
1986 2112 2313 2179 postquam
2346 2102 2452 2160 ad-

392 2189 580 2263 sedit,
610 2189 848 2264 rogavit
881 2189 1043 2249 hunc
1077 2188 1464 2251 videreturne
1493 2188 1972 2250 misericordiam
2001 2186 2306 2247 movisse=
2349 2189 2455 2243 Ac

392 2288 732 2346 magnam
775 2271 1110 2347 quidem,
1142 2272 1369 2352 inquit;
1400 2273 1772 2333 neminem
1813 2272 2007 2332 enim
2047 2282 2229 2347 puto
2272 2284 2462 2328 esse

394 2365 535 2415 tam
592 2358 888 2427 durum,
947 2355 1068 2414 cui
1123 2371 1271 2415 non
1328 2357 1577 2417 oratio
1623 2364 1751 2417 tua
1793 2354 2240 2416 miseranda
2283 2350 2459 2411 visa

394 2438 517 2498 sit.
580 2435 723 2499 279.
765 2438 864 2497 Me
909 2437 1152 2513 quidem
1197 2438 1443 2499 hercule
1487 2439 1667 2500 etiam
1707 2438 1811 2498 illa
1843 2439 2024 2499 valde
2051 2446 2301 2496 movent
2333 2443 2457 2493 sto·

396 2520 687 2580 machosa
729 2531 790 2581 et
833 2520 1009 2595 quasi
1040 2521 1407 2582 submorosa
1435 2521 1722 2582 ridicula.
1765 2540 1903 2592 non,
1921 2538 2106 2597 quum
2136 2538 2172 2579 a
2201 2532 2463 2578 moroso

384 2608 701 2677 dicuntur;
745 2614 869 2675 tum
912 2606 1069 2665 enim
1099 2623 1221 2665 non
1254 2607 1379 2673 sal,
1429 2607 1539 2665 sed
1571 2614 1793 2666 natura
1822 2604 2069 2664 ridetur.
2105 2645 2358 2664 ........
2392 2604 2457 2659 ln

385 2706 525 2763 quo.
559 2699 626 2750 ut
656 2688 800 2749 mihi
830 2689 1088 2762 videtur,
1118 2691 1465 2765 persalsum
1497 2690 1645 2750 illud
1676 2698 1772 2749 est
1799 2689 1965 2764 apud
1993 2686 2283 2746 Noviumz

1017 2790 1172 2861 Qum
1193 2794 1428 2863 ploraS,
1465 2788 1690 2863 pater?
1725 2824 1791 2832 —

469 2872 690 2930 Mirum
720 2875 787 2930 m·
808 2873 1054 2933 cantem.
1092 2915 1241 2931 .....
1276 2873 1705 2933 Condemnacus
1730 2891 1878 2932 sum.

394 2968 546 3029 Huic
588 2971 795 3043 generi
842 2969 1019 3044 quasi
1049 2969 1417 3030 contrarium
1446 2984 1543 3031 est
1571 2970 1811 3032 ridiculi
1840 2987 2037 3046 genus
2070 2971 2359 3046 patientis
2391 2987 2470 3030 ac

393 3051 568 3126 lenti,
597 3061 693 3121 ut,
725 3070 908 3127 quum
946 3053 1090 3113 Cato
1127 3071 1460 3128 percussus
1490 3063 1660 3115 esset
1689 3055 1766 3114 ab
1797 3072 1873 3116 eo
1892 3101 1907 3128 ,
1938 3053 2043 3129 qui
2074 3071 2279 3114 arcam
2303 3055 2464 3114 fere-

389 3138 525 3212 bat,
571 3154 756 3211 quum
800 3135 900 3196 ille
941 3137 1197 3196 diceret:
1246 3137 1472 3206 Cave,
1518 3138 1786 3213 rogavit,
1834 3138 2203 3213 numquid
2246 3137 2466 3197 aliud

391 3220 637 3280 ferret
680 3228 999 3294 praeter
1041 3228 1339 3280 arcam?
1399 3222 1541 3284 280.
1583 3223 1694 3283 Est
1735 3222 1916 3283 etiam
1962 3221 2250 3283 stultitiae
2295 3222 2467 3281 salsa

392 3302 823 3377 reprehensio,
863 3312 929 3364 ut
968 3301 1070 3362 ille
1114 3302 1391 3378 Siculus,
1449 3305 1546 3366 cui
1592 3313 1840 3380 praetor
1879 3304 2089 3380 Scipio
2136 3315 2463 3380 patronum

392 3402 617 3445 causae
648 3386 831 3445 dabat
858 3386 1165 3460 hospitem
1197 3389 1742 3464 suum‚.hominem
1771 3389 2070 3461 nobilem,
2104 3390 2217 3449 sed
2249 3389 2464 3449 admo-

391 3466 536 3524 dum
576 3469 851 3527 stultum=
905 3468 1242 3544 QuaeSO,
1300 3470 1524 3546 inquit,
1584 3481 1933 3546 praetor,
1991 3470 2462 3532 adversario
