2622 3908
811 273 957 334 LIB.
989 274 1033 332 1.
1082 274 1246 333 CAP.
1281 282 1471 334 1—4.
1519 278 1571 338 §.
1604 281 1834 333 1—14.
2330 273 2371 333 3

288 428 468 488 cabit.
558 427 657 485 111.
714 424 774 486 9.
816 426 1030 500 Neque
1073 423 1233 485 enim
1279 434 1336 485 te
1380 422 1532 499 rugit
1567 422 1835 485 omnium
1867 425 2246 484 laudatarum
2276 441 2369 484 ar·-

289 510 437 572 tium
468 507 942 584 procreatricem
976 510 1303 584 quamdam
1334 515 1395 568 et
1424 507 1601 582 quasi
1636 516 1947 582 parentem
1979 524 2141 589 eam,
2188 524 2371 582 quam

289 591 700 673 φιλοσοφίαν
732 591 948 651 Graeci
984 600 1241 665 vocant,
1283 592 1361 650 ab
1403 589 1752 651 hominibus
1796 589 2171 651 doctissimis
2216 590 2368 651 iudi-

289 677 446 746 cari;
491 675 551 734 in
586 693 707 750 qua
736 674 987 735 difficile
1017 684 1113 736 est
1142 691 1501 735 enumerare
1533 684 1683 750 quot
1711 672 1825 733 viri
1858 684 2084 749 quanta
2114 673 2364 737 scientia

290 770 643 836 quantaque
675 758 733 818 in
768 759 898 819 suis
931 757 1150 819 studiis
1182 757 1475 818 varietate
1505 767 1564 819 et
1601 756 1782 833 copia
1814 756 2063 832 fuerint,
2111 757 2216 832 qui
2244 775 2365 819 non

293 860 413 904 una
443 841 652 918 aliqua
680 841 741 901 in
772 858 840 902 re
874 841 1204 917 separatim
1226 841 1615 915 elaborarint,
1646 842 1759 901 sed
1785 841 2004 914 omnia,
2041 858 2363 917 quaecum-

292 943 411 1003 que
446 936 731 1000 possent,
762 927 861 984 vel
894 926 1186 986 scientiae
1217 924 1735 1001 pervestigatione
1763 927 1864 985 vel
1897 924 2243 985 disserendi
2273 943 2364 984 ra-

289 1009 455 1072 tione
486 1008 1079 1084 comprehenderint.
1154 1008 1250 1070 10.
1299 1010 1445 1082 Quis
1476 1008 1742 1085 ignorat,
1790 1007 1863 1082 ii,
1902 1008 2005 1084 qui
2037 1009 2364 1068 mathema-

288 1093 392 1154 tici
424 1103 737 1164 vocantur,
773 1103 999 1168 quanta
1028 1093 1086 1153 in
1120 1092 1493 1153 obscuritate
1522 1110 1724 1153 rerum
1754 1101 1815 1153 et
1846 1110 2028 1168 quam
2051 1092 2367 1153 recondita

288 1177 349 1238 in
381 1187 510 1238 arte
539 1186 599 1238 et
628 1175 945 1251 multiplici
977 1176 1308 1252 subtilique
1343 1184 1706 1236 versentur?
1778 1175 1909 1249 Quo
1944 1185 2140 1237 tamen
2170 1175 2230 1235 in
2261 1194 2363 1252 ge-

291 1277 438 1321 nere
467 1259 549 1320 ita
578 1259 746 1321 multi
777 1261 1033 1335 perfecti
1066 1260 1344 1320 homines
1376 1260 1754 1332 exstiterunt,
1788 1268 1853 1320 ut
1882 1277 2060 1320 nemo
2087 1261 2214 1320 sere
2239 1269 2363 1320 stu-

290 1343 505 1404 duisse
536 1344 592 1403 ei
625 1343 918 1404 scientiae
948 1343 1372 1405 vehementius
1406 1342 1698 1417 videatur,
1735 1342 1882 1418 quin
1913 1345 2079 1418 quod
2105 1343 2366 1404 voluerit

291 1436 665 1489 consecutus
710 1426 804 1488 sit.
895 1427 1041 1502 Quis
1084 1426 1365 1500 musiciS,
1415 1428 1552 1503 quis
1594 1425 1733 1487 huic
1778 1427 1980 1489 studio
2014 1427 2363 1500 litterarum,

292 1512 462 1586 quod
503 1511 863 1587 profitentur
903 1511 974 1583 ii,
1023 1511 1127 1587 qui
1168 1510 1544 1586 grammatici
1586 1520 1911 1583 vocantur,
2007 1511 2251 1586 penitus
2296 1529 2364 1571 se

291 1594 487 1666 dedit,
540 1593 704 1669 quin,
741 1611 980 1655 omnem
1025 1595 1261 1655 illarum
1303 1594 1520 1655 artium
1567 1612 1763 1669 paene
1808 1594 2099 1655 infinitam
2142 1595 2263 1655 vim
2305 1606 2365 1655 et

191 1695 195 1699 ’
289 1677 600 1739 materiem
645 1678 900 1738 scientia
931 1688 991 1739 et
1021 1678 1371 1754 cognitione
1401 1678 1977 1753 comprehenderit?
2057 1678 2155 1739 11.
2200 1682 2364 1739 Vere

290 1761 433 1821 mihi
463 1762 579 1821 hoc
611 1761 826 1821 videor
855 1779 999 1822 esse
1030 1762 1336 1837 dicturus,
1366 1779 1444 1822 ex
1476 1763 1757 1823 omnibus
1788 1762 1895 1837 iis,
1928 1762 2030 1838 qui
2061 1761 2120 1822 in
2150 1764 2362 1822 harum

290 1844 503 1905 artium
542 1844 982 1906 liberalissimis
1030 1848 1248 1907 studiis
1287 1845 1409 1906 sint
1439 1846 1860 1921 doctrinisque
1890 1848 2146 1919 versati,
2190 1845 2359 1906 mini-

291 1946 449 1990 mam
480 1928 720 2005 copiam
750 1933 1070 2006 poetarum
1100 1928 1486 2005 egregiorum
1518 1929 1850 1991 exstitisse.
1916 1934 2121 2007 Atque
2151 1929 2212 1990 in
2243 1932 2358 2005 hoc

286 2016 428 2090 ipso
474 2030 759 2087 numer0,
802 2013 861 2073 in
909 2030 1031 2089 quo
1077 2029 1326 2088 perraro
1364 2012 1638 2073 exoritur
1667 2013 1891 2088 aliquis
1923 2016 2263 2086 excellens,
2311 2013 2358 2073 si

290 2096 609 2172 diligenter
640 2108 701 2157 et
729 2115 808 2158 ex
838 2106 1185 2158 nostrorum
1218 2105 1277 2158 et
1299 2113 1380 2156 ex
1404 2097 1774 2157 Graecorum
1802 2096 1981 2173 copia
2004 2113 2363 2172 comparare

290 2183 485 2254 voleS,
516 2181 703 2241 multo
736 2190 934 2241 tamen
970 2180 1294 2256 pauciores
1329 2190 1603 2242 oratores
1636 2198 1818 2256 quam
1850 2183 2069 2255 poetae
2099 2181 2242 2241 boni
2268 2198 2358 2240 re-

290 2267 619 2340 perientur.
681 2261 778 2325 12.
826 2266 1000 2338 Quod
1032 2265 1149 2325 hoc
1181 2264 1361 2325 etiam
1392 2263 1726 2325 mirabilius
1759 2265 1942 2326 debet
1971 2264 2184 2337 videri,
2220 2265 2362 2340 quia

289 2358 666 2408 caeterarum
683 2352 901 2412 artium
927 2351 1131 2412 studia
1156 2353 1284 2410 sere
1311 2367 1346 2409 e
1366 2349 1701 2410 reconditis
1728 2354 1915 2422 atque
1930 2348 2151 2409 abditis
2186 2349 2360 2411 fonti-

288 2433 404 2492 bus
447 2430 834 2505 hauriuntur,
879 2431 1123 2493 dicendi
1165 2443 1367 2493 autem
1413 2432 1610 2492 omnis
1651 2431 1804 2493 ratio
1837 2434 1895 2492 in
1925 2432 2126 2493 medio
2161 2433 2362 2508 posita

287 2513 594 2576 communi
625 2517 891 2590 quodam
921 2516 980 2575 in
1012 2533 1131 2576 usu
1160 2525 1344 2591 atque
1375 2514 1434 2575 in
1467 2516 1778 2576 hominum
1800 2533 1970 2576 more
1995 2526 2055 2576 et
2079 2534 2362 2577 sermone

286 2608 598 2670 versatur,
629 2608 693 2659 ut
723 2597 782 2657 in
816 2599 1075 2660 caeteris
1107 2599 1169 2659 id
1199 2600 1461 2659 maxime
1491 2603 1770 2672 excellat,
1804 2600 1972 2675 quod
2002 2600 2360 2676 longissime

288 2682 365 2744 sit
393 2684 471 2741 ab
502 2680 919 2757 imperitorum
963 2682 1356 2758 intelligentia
1388 2700 1703 2759 sensuque
1734 2683 2133 2758 disiunctum,
2179 2684 2239 2745 in
2274 2683 2358 2744 di-

286 2767 484 2827 cendo
528 2774 730 2825 autem
772 2765 984 2828 vitium
1026 2770 1123 2827 vel
1165 2766 1493 2826 maximum
1530 2767 1608 2827 sit
1636 2784 1672 2827 a
1701 2768 1935 2842 vulgari
1967 2785 2193 2843 genere
2225 2785 2357 2828 ora-

286 2848 468 2911 tionis
519 2859 704 2924 atque
753 2867 791 2909 a
842 2850 1289 2912 consuetudine
1342 2850 1681 2911 communis
1733 2868 1956 2912 sensus
2008 2852 2357 2912 abhorrere.

284 2935 388 2992 lv.
438 2933 536 2994 13.
577 2934 670 2992 Ac
703 2950 778 2994 ne
810 2932 958 2994 illud
990 2933 1236 3008 quidem
1264 2951 1412 2994 vere
1444 2933 1564 2994 dici
1594 2943 1818 3012 potest,
1847 2945 1951 2996 aut
1980 2937 2190 3011 plures
2223 2951 2359 2995 cae·

284 3015 432 3076 teris
476 3016 775 3076 inservire
817 3026 921 3078 aut
959 3017 1189 3078 maiore
1233 3016 1640 3080 delectatione
1670 3027 1772 3080 aut
1803 3036 1916 3095 spe
1946 3019 2228 3080 uberiore
2257 3031 2360 3078 aut

284 3100 573 3175 praemiis
618 3101 697 3159 ad
741 3100 1217 3175 perdiscendum
1260 3101 1662 3176 amplioribus
1706 3102 2096 3163 commoveri.
2154 3106 2359 3176 Atque

278 3193 348 3243 ut
372 3183 642 3244 omittam
664 3184 998 3260 Graeciam,
1032 3202 1191 3260 quae
1216 3202 1461 3260 semper
1486 3186 1874 3262 eloquentiae
1900 3188 2189 3261 princeps
2215 3202 2358 3245 esse

282 3265 493 3337 voluit,
534 3275 719 3342 atque
751 3267 885 3328 illas
917 3268 1186 3329 omnium
1219 3268 1630 3331 doctrinarum
1662 3269 2032 3330 inventrices
2063 3269 2358 3339 AthenaS,

275 3349 337 3411 in
386 3350 609 3425 quibus
649 3367 885 3411 summa
928 3351 1172 3413 dicendi
1218 3352 1310 3412 vis
1356 3361 1416 3413 et
1455 3353 1702 3414 inventa
1737 3362 1832 3413 est
1860 3360 1920 3412 et
1950 3354 2251 3425 perfecta,
2297 3354 2355 3413 in

274 3435 393 3494 hac
432 3434 572 3509 ipsa
613 3432 855 3496 civitate
901 3438 1174 3512 profecto
1206 3438 1372 3496 nulla
1401 3454 1691 3511 umquam
1723 3436 2142 3498 vehementius
2175 3454 2356 3512 quam

272 3517 666 3594 eloquentiae
710 3519 912 3579 studia
946 3519 1287 3595 viguerunt.
1386 3518 1479 3579 14.
1529 3520 1678 3578 Nam
1723 3527 2126 3655 posteaquam
2167 3521 2354 3593 impe·
