2622 3908
336 277 418 339 86
1100 273 1199 333 DE
1247 270 1611 333 ORATORE

337 426 457 488 iam
486 426 701 487 aetatis
731 435 827 486 est
858 440 1136 499 ususque
1168 424 1359 484 nostri
1396 440 1433 482 a
1469 423 1668 498 capite
1699 424 1868 496 quod
1902 422 2161 485 velimus
2200 441 2389 485 arces

341 527 479 570 sere
511 517 572 569 et
600 509 763 569 unde
794 508 997 568 omnia
1023 515 1268 567 manent
1295 505 1527 566 videre.

508 591 647 654 118.
689 592 766 652 Et
791 591 1049 667 primum
1083 606 1277 665 genus
1306 590 1456 649 illud
1489 606 1698 651 earum
1724 607 1955 663 rerum,
1986 606 2145 666 quae
2165 591 2247 650 ad
2269 606 2401 651 ora-

342 689 533 739 torem
563 676 945 748 deferuntur,
981 672 1335 734 meditatum
1365 673 1544 733 nobis
1577 672 1639 733 in
1671 683 2033 749 perpetuum
2059 674 2141 733 ad
2166 690 2403 735 omnem

338 776 519 821 usum
561 757 845 819 similium
889 774 1093 818 rerum
1134 772 1277 816 esse
1319 754 1584 817 debebit.
1643 757 1794 817 Nam
1836 766 1897 818 et
1934 773 2046 833 pro
2090 756 2311 818 tabulis
2345 768 2404 819 et

341 851 553 904 contra
593 842 834 903 tabulas
874 850 936 902 et
982 857 1094 916 pro
1127 838 1385 899 testibus
1417 847 1478 899 et
1507 847 1720 901 contra
1751 848 1942 901 testes
1977 848 2037 901 et
2068 856 2183 916 pro
2221 857 2405 916 quae-

342 925 645 987 stionibus
704 935 766 986 et
817 933 1028 986 contra
1073 920 1469 999 quaestiones
1512 930 1573 983 et
1610 922 1753 985 item
1796 924 1875 984 de
1921 922 2179 983 caeteris
2222 925 2405 984 rebus

340 1009 619 1071 eiusdem
648 1007 892 1083 generis
920 1009 1019 1068 vel
1044 1003 1376 1081 separatim
1400 1005 1606 1067 dicere
1629 1009 1901 1068 solemus
1926 1007 2003 1066 de
2025 1022 2253 1081 genere
2274 1006 2406 1067 uni-

338 1109 525 1154 verso
556 1093 656 1152 vel
680 1091 929 1153 definite
952 1093 1032 1151 de
1054 1087 1313 1164 singulis
1335 1088 1736 1164 temporibus,
1767 1088 2134 1164 hominibuS,
2165 1089 2406 1156 causisz

344 1192 501 1251 quos
535 1174 783 1252 quidem
816 1177 990 1236 locos
1019 1210 1104 1220 —
1133 1170 1314 1233 vobis
1345 1172 1494 1244 hoc,
1539 1172 1714 1235 Cotta
1752 1182 1812 1234 et
1847 1171 2112 1249 Sulpici,
2155 1173 2296 1234 dico
2330 1204 2402 1217 —-

340 1261 529 1320 multa
558 1258 1068 1320 commentatione
1094 1265 1280 1331 atque
1310 1254 1704 1318 meditatione
1734 1266 1982 1332 paratos
2011 1265 2196 1331 atque
2218 1273 2403 1333 expe·

341 1341 505 1404 ditos
551 1343 777 1403 habere
819 1340 1075 1402 debetis.
1145 1337 1287 1401 119.
1331 1340 1609 1414 Longum
1650 1348 1746 1401 est
1786 1338 1946 1401 enim
1980 1357 2141 1401 nunc
2174 1357 2273 1401 me
2303 1358 2405 1401 ex-

341 1425 603 1500 plicare,
635 1442 758 1500 qua
790 1426 1024 1485 ratione
1058 1431 1163 1482 aut
1192 1422 1556 1484 confirmare
1584 1433 1689 1485 aut
1718 1423 2020 1484 infirmare
2049 1432 2270 1497 testeS,
2321 1432 2403 1484 ta·

340 1509 551 1582 bulaS,
603 1506 1000 1583 quaestiones
1041 1513 1344 1581 oporteat.
1412 1507 1578 1568 Haec
1620 1516 1761 1568 sunt
1800 1508 2003 1568 omnia
2040 1505 2269 1582 ingenii
2310 1508 2407 1568 vel

340 1589 670 1652 mediocris
685 1637 701 1664 ,
748 1587 1203 1651 exercitationis
1242 1596 1447 1649 autem
1474 1589 1809 1662 maximae;
1849 1599 2039 1651 artem
2075 1590 2322 1666 quidem
2352 1598 2411 1651 et

341 1681 675 1750 praecepta
703 1674 1019 1735 dumtaxat
1046 1673 1344 1733 hactenus
1372 1673 1719 1749 requirunt,
1746 1681 1814 1734 ut
1848 1673 2029 1735 certis
2053 1673 2298 1735 dicendi
2322 1676 2410 1734 lu·

340 1756 605 1818 minibus
643 1767 950 1820 ornentur.
1009 1755 1150 1818 120.
1182 1756 1459 1831 Itemque
1487 1756 1616 1831 illa,
1662 1773 1820 1834 quae
1854 1766 1994 1818 sunt
2023 1758 2273 1819 alterius
2304 1774 2412 1831 ge-

341 1840 536 1914 neriS,
583 1858 743 1917 quae
784 1849 910 1902 tota
955 1841 1033 1901 ab
1070 1846 1315 1901 oratore
1344 1840 1688 1916 pariuntur,
1732 1839 2243 1916 excogitationem
2284 1856 2407 1900 non

341 1924 565 1987 habent
596 1924 936 1998 difficilem,
969 1921 1440 2000 explicationem
1475 1924 1668 2001 magis
1699 1922 1993 1986 illustrem
2018 1922 2407 2001 perpolitam-

340 2024 464 2086 que
511 2009 880 2071 desiderant.
962 2010 1175 2085 Itaque
1232 2025 1418 2083 quum
1464 2008 1618 2069 haec
1661 2010 1781 2070 duo
1829 2006 2009 2069 nobis
2055 2009 2413 2083 quaerenda

340 2091 553 2154 sintin
583 2092 819 2166 causiS‚
855 2091 1112 2168 primum
1144 2089 1322 2167 quid,
1371 2090 1594 2152 deinde
1625 2094 1935 2167 quomodo
1974 2091 2281 2162 dicamus;
2323 2093 2409 2150 al-

340 2184 555 2250 terum,
586 2177 756 2251 quod
786 2184 973 2237 totum
1003 2183 1132 2236 arte
1162 2173 1413 2234 tinctum
1440 2174 1699 2249 videtur,
1730 2174 1968 2237 tametsi
1995 2185 2183 2238 artem
2205 2174 2411 2250 requi-

344 2258 446 2330 rit,
493 2268 693 2319 tamen
735 2257 1096 2334 prudentiae
1137 2265 1234 2317 est
1270 2273 1471 2332 paene
1517 2257 1846 2320 mediocris
1889 2258 2037 2335 quid
2079 2258 2412 2320 dicendum

342 2341 421 2402 sit
453 2338 692 2413 videre3
724 2344 979 2403 alterum
1009 2349 1132 2411 est,
1163 2337 1224 2399 in
1261 2356 1385 2415 quo
1417 2341 1677 2403 oratoris
1705 2342 1801 2403 vis
1829 2342 1930 2402 illa
1955 2341 2161 2403 divina
2188 2340 2413 2403 virtus-

343 2440 464 2501 que
500 2425 794 2501 cernitur‚
824 2443 928 2498 ea,
967 2439 1127 2499 quae
1156 2420 1420 2484 dicenda
1450 2434 1619 2501 sunt,
1655 2436 1896 2500 ornate,
1926 2426 2183 2502 copiose
2211 2424 2414 2486 varie-

344 2525 465 2583 que
501 2507 725 2570 dicere.
787 2506 1053 2568 XXVIII.
1102 2504 1242 2567 121.
1284 2507 1484 2580 Quare
1524 2508 1688 2570 illam
1729 2518 1960 2586 partem
2006 2509 2412 2586 superiorem,

343 2589 632 2667 quoniam
675 2594 865 2653 semel
899 2590 983 2654 ita
1013 2589 1189 2651 vobis
1219 2590 1480 2666 placuit,
1525 2610 1647 2654 non
1697 2594 1999 2654 recusabo
2039 2611 2162 2669 quo
2204 2592 2412 2654 minus

342 2674 679 2751 perpoliam
712 2683 896 2751 atque
927 2671 1247 2736 conficiam
1275 2709 1364 2719 —
1408 2685 1698 2750 quantum
1742 2693 2118 2752 consequar,
2160 2694 2275 2738 vos
2319 2676 2414 2737 iu-

342 2758 624 2837 dicabitis
648 2782 762 2814 -ε
807 2758 1030 2835 quibus
1061 2775 1139 2818 ex
1169 2758 1326 2819 locis
1357 2760 1437 2819 ad
1467 2776 1575 2820 eas
1606 2770 1730 2822 tres
1759 2777 1893 2835 reS‚
1926 2778 2086 2835 quae
2120 2762 2199 2821 ad
2224 2761 2415 2820 fidem

341 2842 683 2904 faciendam
727 2845 899 2904 solae
941 2844 1181 2915 valent,
1235 2842 1495 2903 ducatur
1534 2842 1761 2918 oratic,
1811 2851 1878 2905 ut
1918 2854 1979 2905 et
2010 2843 2417 2905 concilientur

338 2925 523 2985 animi
570 2943 630 2985 et
672 2926 1007 2987 doceantur
1037 2933 1097 2985 et
1123 2934 1513 2997 moveantur3
1557 2926 1711 2988 hacc
1754 2934 1897 2988 sunt
1926 2928 2083 2987 enim
2121 2925 2250 2988 tria.
2322 2926 2413 2984 Ea

341 3025 486 3070 vero
519 3010 1032 3084 quemadmodum
1061 3008 1462 3084 illustrentur,
1495 3019 1741 3085 praesto
1767 3019 1892 3084 est,
1926 3010 2031 3086 qui
2056 3026 2271 3071 omnes
2297 3010 2407 3069 do·

339 3109 478 3153 cere
508 3090 738 3169 possit,
786 3091 892 3168 qui
933 3095 1051 3155 hoc
1092 3093 1328 3166 primus
1368 3091 1428 3152 in
1464 3102 1712 3155 nostros
1746 3110 1952 3155 mores
1983 3091 2253 3165 induxit,
2302 3094 2415 3167 qui

339 3175 597 3237 maxime
629 3174 829 3251 auxit,
875 3176 979 3253 qui
1014 3178 1187 3238 solus
1218 3176 1440 3237 effecit.
1503 3176 1644 3239 122.
1679 3179 1954 3252 Namque
1984 3195 2099 3253 ego
2119 3224 2134 3250 ,
2178 3177 2416 3248 Catule,

347 3295 415 3305 -
451 3260 649 3321 dicam
673 3259 834 3320 enim
857 3278 978 3322 non
1002 3274 1292 3320 reverens
1317 3260 1684 3322 adsentandi
1706 3261 2126 3338 suspicionem
2150 3296 2230 3306 —
2246 3306 2261 3333 ,
2302 3277 2414 3320 ne-

334 3343 557 3404 minem
617 3360 762 3405 esse
822 3354 1124 3406 oratorem
1174 3344 1382 3416 paullo
1447 3344 1835 3405 illustriorem
1891 3345 2151 3407 arbitror
2202 3360 2416 3419 neque

333 3425 630 3486 Graecum
674 3443 876 3502 neque
916 3428 1220 3494 Latinum,
1271 3441 1457 3500 quem
1501 3433 1671 3486 aetas
1701 3435 1913 3488 nostra
1945 3427 2175 3502 tulerit,
2223 3444 2414 3503 quem

334 3523 451 3567 uon
499 3518 560 3569 et
603 3526 792 3580 saepe
840 3519 902 3568 et
945 3508 1264 3581 diligenter
1292 3507 1611 3568 audierim.
1674 3510 1887 3582 Itaque
1929 3511 1983 3571 si
2020 3509 2170 3585 quid
2211 3519 2309 3572 est
2343 3509 2416 3571 in
