2622 3908
696 293 838 369 Lm.
865 292 908 350 1.
956 293 1121 351 CAP.
1144 299 1388 354 38—40.
1433 299 1484 357 s.
1513 300 1826 354 172—180.
2216 288 2297 351 3⁷

220 440 579 519 gentilitatis
616 441 746 500 iure
781 439 1149 501 dicendum?
1237 438 1378 503 177.
1422 440 1618 515 Quid?
1665 444 1833 518 quod
1879 441 2023 504 item
2057 441 2120 501 in
2156 459 2298 503 cen-

219 524 530 587 tumvirali
564 522 792 585 iudicio
826 531 1119 585 certatum
1167 542 1313 586 esse
1359 523 1745 600 accepimuS,
1794 525 1899 601 qui
1941 527 2200 587 Romam
2229 525 2296 587 1111

219 608 512 671 exsilium
542 608 846 680 venisset,
887 606 985 667 cui
1019 609 1252 669 Rornae
1288 610 1575 669 exsulare
1621 607 1719 670 ius
1752 617 1951 684 esset,
1998 608 2052 669 si
2100 626 2170 670 se
2218 611 2298 670 ad

219 693 492 769 aliquem
546 689 723 767 quasi
785 699 1111 764 patronum
1167 690 1608 766 applicavisset
1660 692 2072 768 intestatoque
2130 703 2299 753 esset.
2361 699 2369 706 “

212 787 495 838 mortuus
526 796 643 847 -3
684 792 892 835 nonne
914 775 976 835 in
1007 792 1082 835 ea
1112 793 1305 837 causa
1342 776 1436 838 ius
1472 777 1925 854 applicationis,
1970 781 2305 842 obscurum

213 879 370 923 sane
398 870 459 921 et
480 860 781 936 ignotum,
805 861 1183 934 patefactum
1201 861 1261 920 in
1284 860 1513 922 iudicio
1540 871 1726 937 atque
1750 864 2120 924 illustratum
2147 874 2243 926 est·
2267 884 2305 925 a

225 956 536 1027 patrono?
622 946 763 1009 178.
811 948 1011 1022 Quid?
1057 966 1283 1024 nuper,
1334 967 1521 1025 quum
1566 966 1683 1025 ego
1732 951 1795 1010 C.
1841 949 2039 1025 Sergii
2088 950 2305 1011 Oratae

228 1044 445 1095 contra
478 1034 642 1092 hunc
677 1041 953 1093 nostrum
985 1033 1318 1093 Antonium
1352 1032 1578 1093 iudicio
1628 1033 1867 1108 privato
1913 1050 2164 1094 causam
2199 1034 2303 1094 de-

229 1119 574 1188 fenderem,
613 1131 818 1176 nonne
853 1117 1050 1176 omnis
1084 1127 1293 1177 nostra
1328 1116 1389 1176 in
1421 1116 1553 1176 iure
1586 1126 1831 1178 versata
1862 1117 2141 1178 defensio
2170 1124 2306 1177 estv

229 1203 429 1276 Quum
464 1201 624 1261 enim
657 1200 738 1258 M.
759 1198 990 1259 Marius
1023 1199 1411 1260 Gratidianus
1447 1201 1637 1260 aedes
1672 1199 1890 1261 Oratae
1927 1201 2305 1261 vendidisset

227 1302 436 1361 neque
472 1283 706 1344 servire
742 1284 1068 1357 quamdam
1103 1300 1310 1343 earum
1357 1282 1600 1343 aedium
1646 1294 1878 1359 partem
1923 1283 1984 1342 in
2017 1282 2303 1358 mancipii

231 1370 370 1444 lege
405 1366 697 1438 dixisset,
747 1367 1263 1438 defendebamus,
1318 1365 1620 1442 quidquid
1667 1366 1886 1429 fuisset
1930 1366 2304 1428 incommodi

229 1453 293 1514 in
327 1451 667 1526 mancipio,
701 1448 764 1508 id
801 1451 853 1509 si
888 1449 1171 1511 venditor
1203 1449 1427 1511 scisset
1461 1467 1664 1526 neque
1697 1452 2091 1527 declarasset,
2127 1467 2303 1528 prae·

231 1545 395 1597 stare
432 1535 678 1594 debere.
746 1532 885 1595 179.
933 1534 1064 1608 Quo
1102 1533 1351 1610 quidem
1385 1533 1444 1593 in
1482 1551 1708 1609 genere
1749 1534 2058 1596 familiaris
2093 1544 2304 1597 noster

231 1620 312 1679 Μ.
343 1618 709 1691 Buculeius,
744 1617 927 1677 homo
964 1635 1165 1693 neque
1199 1635 1337 1678 meo
1374 1618 1600 1679 iudicio
1638 1622 1857 1680 stultus
1893 1629 1954 1680 et
1985 1637 2099 1680 suo
2123 1620 2305 1679 valde

233 1702 486 1779 sapiens
523 1711 584 1762 et
614 1700 691 1760 ab
727 1699 875 1762 iuris
910 1701 1112 1763 studio
1149 1719 1274 1763 non
1309 1703 1677 1774 abhorrenS,
1728 1702 1909 1762 simili
1955 1702 2017 1762 in
2047 1719 2115 1762 re
2151 1719 2292 1778 quo-

232 1788 375 1847 dam
408 1786 591 1846 modo
630 1802 825 1860 nuper
855 1786 1093 1846 erravit.
1190 1787 1342 1845 Nam
1391 1803 1579 1860 quum
1628 1788 1816 1847 aedes
1845 1787 1912 1845 L.
1947 1787 2120 1847 Fufio
2160 1802 2303 1844 ven-

234 1872 425 1941 deret,
457 1868 519 1928 in
551 1867 856 1944 mancipio
885 1868 1130 1941 lumina,
1163 1868 1249 1929 uti
1285 1878 1411 1929 turn
1444 1877 1670 1943 essent,
1706 1871 1788 1929 ita
1808 1869 2061 1944 recepit.
2094 1869 2303 1929 Fufius

231 1963 468 2028 autem,
506 1953 685 2014 simul
719 1960 906 2029 atque
940 1950 1254 2012 aedificari
1289 1961 1575 2028 coeptum
1610 1961 1705 2013 est
1737 1952 1798 2012 in
1836 1954 2101 2028 quadam
2136 1961 2305 2027 parte

231 2038 436 2111 urbiS,
479 2054 638 2112 quae
673 2037 858 2097 modo
891 2053 972 2096 ex
1004 2035 1124 2096 illis
1159 2035 1418 2096 aedibus
1455 2034 1735 2109 conspici
1755 2044 2000 2110 posset,
2039 2038 2161 2111 egit
2183 2044 2303 2095 sta-

234 2123 340 2184 tim
373 2138 511 2182 cum
543 2120 869 2194 Buculeio,
909 2120 1108 2195 quod,
1139 2118 1504 2195 cuicumque
1538 2117 1873 2194 particulae
1907 2118 2060 2180 caeli
2096 2119 2304 2180 office-

233 2215 430 2279 retur,
465 2204 748 2279 quamvis
782 2213 951 2264 esset
987 2205 1231 2278 procul,
1278 2202 1497 2264 mutari
1540 2202 1768 2264 lumina
1802 2205 2070 2279 putabat.
2161 2202 2304 2266 180.

233 2288 392 2364 Quid
428 2296 616 2349 vero?
647 2287 986 2349 clarissima
1018 2289 1098 2347 Μ’
1130 2287 1290 2349 Curii
1324 2305 1514 2348 causa
1549 2286 1865 2365 Marcique
1902 2287 2161 2364 Coponii
2196 2306 2304 2348 nu-

232 2390 350 2451 per
378 2373 547 2447 apud
583 2370 996 2433 centumviros
1034 2389 1156 2446 quo
1192 2388 1501 2432 concursu
1534 2371 1877 2446 hominum,
1927 2390 2049 2447 qua
2083 2389 2306 2448 exspe-
2373 2380 2381 2388 ·

234 2455 501 2518 ctatione
536 2456 794 2516 defensa
830 2462 966 2516 est?
1023 2473 1209 2531 quum
1245 2455 1310 2528 Q.
1351 2455 1679 2527 Scaevola,
1716 2456 1994 2531 aequalis
2031 2468 2091 2516 et
2122 2458 2306 2516 colle-

232 2557 314 2616 ga
348 2556 550 2612 meuS,
583 2540 768 2600 homo
802 2538 1068 2600 omnium
1099 2548 1160 2599 et
1193 2538 1520 2613 disciplina
1553 2538 1702 2599 iuris
1739 2539 1935 2600 civilis
1968 2538 2305 2601 eruditissi-

232 2641 374 2683 mus
407 2631 468 2684 et
499 2622 744 2698 ingenio
781 2621 1229 2698 prudentiaque
1264 2621 1657 2683 acutissimus
1703 2631 1764 2684 et
1810 2622 2085 2684 oratione
2120 2622 2306 2683 maxi-

233 2725 333 2768 me
371 2706 611 2768 limatus
643 2716 828 2782 atque
863 2705 1103 2768 subtilis
1139 2714 1354 2781 atque,
1405 2714 1471 2765 ut
1514 2722 1629 2780 ego
1678 2706 1849 2766 soleo
1888 2705 2124 2780 dicere,
2160 2706 2307 2765 iuris

234 2790 571 2868 peritorum
607 2789 1185 2866 eloquentissimuS,
1217 2788 1634 2865 eloquentium
1680 2788 1829 2849 iuris
1879 2787 2307 2863 peritissimus,

233 2892 319 2936 ex
351 2873 581 2950 scripto
619 2882 1118 2936 testamentorum
1152 2873 1286 2935 iura
1332 2874 1692 2934 defenderet
1737 2883 2143 2948 negaretque,
2190 2871 2307 2932 nisi

233 2967 561 3035 postumus
610 2967 671 3018 et
717 2967 894 3020 natus
943 2967 1031 3030 et,
1069 2967 1400 3033 antequam
1445 2956 1508 3017 in
1557 2975 1731 3018 suam
1780 2960 2024 3018 tutelam
2054 2956 2307 3030 veniret,

232 3050 513 3103 mortuus
546 3050 745 3115 esset,
781 3043 1069 3102 heredem
1100 3059 1240 3102 eum
1274 3058 1418 3102 esse
1468 3058 1685 3116 posse,
1735 3040 1842 3117 qui
1886 3050 2056 3103 esset
2090 3057 2307 3101 secun-

234 3128 385 3187 dum
415 3134 764 3201 postumum
801 3135 862 3187 et
897 3135 1100 3185 natum
1136 3134 1194 3185 et
1233 3134 1537 3186 mortuum
1569 3125 1750 3186 heres
1782 3123 2126 3192 institutus;
2192 3139 2309 3196 ego

233 3218 442 3271 autem
476 3209 872 3270 defenderem
906 3223 1047 3268 eum
1078 3206 1195 3266 hac
1227 3217 1353 3269 tum
1381 3219 1583 3270 mente
1605 3207 1817 3281 fuisse,
1857 3207 1961 3283 qui
1988 3215 2308 3268 testamen-

234 3305 365 3356 tum
400 3293 679 3365 fecisset,
717 3302 810 3366 ut,
849 3291 904 3353 si
934 3292 1094 3353 filius
1126 3309 1250 3352 non
1287 3301 1485 3365 esset,
1521 3292 1627 3368 qui
1652 3292 1712 3352 in
1739 3307 1914 3351 suam
1938 3290 2181 3351 tutelam
2207 3306 2307 3349 ve-

232 3376 420 3449 niret,
453 3378 533 3436 M’
572 3375 787 3437 Curius
822 3378 1006 3436 heres
1043 3384 1234 3435 esset.
1282 3376 1439 3436 Num
1471 3374 1702 3436 destitit
1732 3383 1990 3449 uterque
2034 3383 2311 3434 nostrum

231 3460 294 3524 in
331 3478 409 3521 ea
442 3477 663 3534 causa,
696 3458 756 3519 in
788 3457 1277 3532 auctoritatibuS,
1323 3459 1385 3519 in
1431 3458 1764 3533 exemplis,
1811 3456 1871 3517 in
1918 3464 2310 3519 testamento-

229 3562 365 3606 rum
403 3542 710 3616 formulis,
746 3543 865 3604 hoc
900 3553 1022 3614 est,
1071 3544 1130 3602 in
1179 3541 1381 3603 medio
1431 3541 1563 3602 iure
1611 3540 1772 3600 civili
1821 3541 2104 3602 versari?
2187 3542 2310 3601 XL.
