<?xml version="1.0" encoding="UTF-8"?>
<!DOCTYPE html PUBLIC "-//W3C//DTD XHTML 1.0 Transitional//EN"
    "http://www.w3.org/TR/xhtml1/DTD/xhtml1-transitional.dtd">
<html xmlns="http://www.w3.org/1999/xhtml" xml:lang="en" lang="en">
 <head>
  <title>
</title>
<meta http-equiv="Content-Type" content="text/html;charset=utf-8" />
  <meta name='ocr-system' content='tesseract 3.04.00' />
  <meta name='ocr-capabilities' content='ocr_page ocr_carea ocr_par ocr_line ocrx_word'/>
</head>
<body>
  <div class='ocr_page' id='page_1' title='image "./deoratorelibrit01cicegoog_0138.png"; bbox 0 0 2622 3908; ppageno 0'>
   <div class='ocr_carea' id='block_1_1' title="bbox 294 224 1583 288">
    <p class='ocr_par' dir='ltr' id='par_1_1' title="bbox 294 224 1583 288">
     <span class='ocr_line' id='line_1_1' title="bbox 294 224 1583 288; baseline 0 -1"><span class='ocrx_word' id='word_1_1' title='bbox 294 225 417 288; x_wconf 80' lang='lat'>134</span> <span class='ocrx_word' id='word_1_2' title='bbox 1073 226 1171 285; x_wconf 90' lang='lat' dir='ltr'>DE</span> <span class='ocrx_word' id='word_1_3' title='bbox 1218 224 1583 287; x_wconf 84' lang='lat' dir='ltr'><strong>ORATORE</strong></span> 
     </span>
    </p>
   </div>
   <div class='ocr_carea' id='block_1_2' title="bbox 290 375 2364 1122">
    <p class='ocr_par' dir='ltr' id='par_1_2' title="bbox 290 375 2364 1122">
     <span class='ocr_line' id='line_1_2' title="bbox 292 375 2361 456; baseline 0.001 -17"><span class='ocrx_word' id='word_1_4' title='bbox 292 378 461 453; x_wconf 92' lang='lat' dir='ltr'>quod</span> <span class='ocrx_word' id='word_1_5' title='bbox 490 377 729 451; x_wconf 86' lang='lat' dir='ltr'>agendo</span> <span class='ocrx_word' id='word_1_6' title='bbox 761 375 1026 437; x_wconf 82' lang='lat' dir='ltr'>efficitur</span> <span class='ocrx_word' id='word_1_7' title='bbox 1053 377 1271 438; x_wconf 90' lang='lat' dir='ltr'>melius</span> <span class='ocrx_word' id='word_1_8' title='bbox 1303 394 1486 453; x_wconf 88' lang='lat' dir='ltr'>quam</span> <span class='ocrx_word' id='word_1_9' title='bbox 1514 381 1811 453; x_wconf 82' lang='lat' dir='ltr'>rogando.</span> <span class='ocrx_word' id='word_1_10' title='bbox 1872 381 1980 441; x_wconf 91' lang='lat' dir='ltr'>Est</span> <span class='ocrx_word' id='word_1_11' title='bbox 2018 380 2084 441; x_wconf 93' lang='lat' dir='ltr'>id</span> <span class='ocrx_word' id='word_1_12' title='bbox 2116 383 2361 456; x_wconf 79' lang='lat' dir='ltr'>quldem</span> 
     </span>
     <span class='ocr_line' id='line_1_3' title="bbox 290 460 2359 536; baseline 0.001 -15"><span class='ocrx_word' id='word_1_13' title='bbox 290 461 349 521; x_wconf 94' lang='lat' dir='ltr'>in</span> <span class='ocrx_word' id='word_1_14' title='bbox 380 468 566 521; x_wconf 90' lang='lat' dir='ltr'>totam</span> <span class='ocrx_word' id='word_1_15' title='bbox 597 460 934 520; x_wconf 90' lang='lat' dir='ltr'>orationem</span> <span class='ocrx_word' id='word_1_16' title='bbox 966 462 1466 522; x_wconf 82' lang='lat' dir='ltr'>confundendum</span> <span class='ocrx_word' id='word_1_17' title='bbox 1495 479 1611 522; x_wconf 90' lang='lat' dir='ltr'>nec</span> <span class='ocrx_word' id='word_1_18' title='bbox 1639 461 1883 523; x_wconf 90' lang='lat' dir='ltr'>minime</span> <span class='ocrx_word' id='word_1_19' title='bbox 1905 464 1967 523; x_wconf 92' lang='lat' dir='ltr'>in</span> <span class='ocrx_word' id='word_1_20' title='bbox 1989 475 2359 536; x_wconf 75' lang='lat' dir='ltr'>extremam3</span> 
     </span>
     <span class='ocr_line' id='line_1_4' title="bbox 292 543 2362 621; baseline 0.001 -17"><span class='ocrx_word' id='word_1_21' title='bbox 292 545 406 604; x_wconf 86' lang='lat' dir='ltr'>sed</span> <span class='ocrx_word' id='word_1_22' title='bbox 452 551 654 604; x_wconf 89' lang='lat' dir='ltr'>tamen</span> <span class='ocrx_word' id='word_1_23' title='bbox 697 544 883 603; x_wconf 89' lang='lat' dir='ltr'>multa</span> <span class='ocrx_word' id='word_1_24' title='bbox 930 543 1231 620; x_wconf 89' lang='lat' dir='ltr'>principia</span> <span class='ocrx_word' id='word_1_25' title='bbox 1271 561 1352 604; x_wconf 90' lang='lat' dir='ltr'>ex</span> <span class='ocrx_word' id='word_1_26' title='bbox 1397 561 1472 605; x_wconf 91' lang='lat' dir='ltr'>eo</span> <span class='ocrx_word' id='word_1_27' title='bbox 1518 562 1745 620; x_wconf 81' lang='lat' dir='ltr'>genere</span> <span class='ocrx_word' id='word_1_28' title='bbox 1785 547 2128 621; x_wconf 82' lang='lat' dir='ltr'>gignuntur.</span> <span class='ocrx_word' id='word_1_29' title='bbox 2213 548 2362 611; x_wconf 79' lang='lat'><strong>323.</strong></span> 
     </span>
     <span class='ocr_line' id='line_1_5' title="bbox 290 627 2360 704; baseline 0 -13"><span class='ocrx_word' id='word_1_30' title='bbox 290 631 442 691; x_wconf 90' lang='lat' dir='ltr'>Nam</span> <span class='ocrx_word' id='word_1_31' title='bbox 483 637 543 687; x_wconf 91' lang='lat' dir='ltr'>et</span> <span class='ocrx_word' id='word_1_32' title='bbox 583 636 873 688; x_wconf 88' lang='lat' dir='ltr'>attentum</span> <span class='ocrx_word' id='word_1_33' title='bbox 915 636 1162 689; x_wconf 87' lang='lat' dir='ltr'>monent</span> <span class='ocrx_word' id='word_1_34' title='bbox 1191 627 1406 688; x_wconf 87' lang='lat' dir='ltr'>Graeci</span> <span class='ocrx_word' id='word_1_35' title='bbox 1449 637 1515 688; x_wconf 92' lang='lat' dir='ltr'>ut</span> <span class='ocrx_word' id='word_1_36' title='bbox 1541 628 1842 704; x_wconf 87' lang='lat' dir='ltr'>principio</span> <span class='ocrx_word' id='word_1_37' title='bbox 1875 629 2171 691; x_wconf 83' lang='lat' dir='ltr'>faciamus</span> <span class='ocrx_word' id='word_1_38' title='bbox 2202 631 2360 692; x_wconf 89' lang='lat' dir='ltr'>iudi·</span> 
     </span>
     <span class='ocr_line' id='line_1_6' title="bbox 292 709 2362 790; baseline 0.002 -19"><span class='ocrx_word' id='word_1_39' title='bbox 292 728 427 771; x_wconf 92' lang='lat' dir='ltr'>cem</span> <span class='ocrx_word' id='word_1_40' title='bbox 469 719 531 770; x_wconf 94' lang='lat' dir='ltr'>et</span> <span class='ocrx_word' id='word_1_41' title='bbox 572 710 864 781; x_wconf 80' lang='lat' dir='ltr'>docilem3</span> <span class='ocrx_word' id='word_1_42' title='bbox 920 727 1079 786; x_wconf 90' lang='lat' dir='ltr'>quae</span> <span class='ocrx_word' id='word_1_43' title='bbox 1127 721 1267 772; x_wconf 91' lang='lat' dir='ltr'>sunt</span> <span class='ocrx_word' id='word_1_44' title='bbox 1308 709 1509 786; x_wconf 85' lang='lat' dir='ltr'>utilia,</span> <span class='ocrx_word' id='word_1_45' title='bbox 1553 714 1667 772; x_wconf 93' lang='lat' dir='ltr'>sed</span> <span class='ocrx_word' id='word_1_46' title='bbox 1697 729 1822 772; x_wconf 92' lang='lat' dir='ltr'>non</span> <span class='ocrx_word' id='word_1_47' title='bbox 1852 713 2133 790; x_wconf 88' lang='lat' dir='ltr'>principii</span> <span class='ocrx_word' id='word_1_48' title='bbox 2162 714 2362 789; x_wconf 83' lang='lat' dir='ltr'>magis</span> 
     </span>
     <span class='ocr_line' id='line_1_7' title="bbox 292 793 2362 873; baseline 0.001 -19"><span class='ocrx_word' id='word_1_49' title='bbox 292 793 544 870; x_wconf 87' lang='lat' dir='ltr'>propria</span> <span class='ocrx_word' id='word_1_50' title='bbox 573 811 756 870; x_wconf 90' lang='lat' dir='ltr'>quam</span> <span class='ocrx_word' id='word_1_51' title='bbox 782 793 1153 868; x_wconf 90' lang='lat' dir='ltr'>reliquarum</span> <span class='ocrx_word' id='word_1_52' title='bbox 1180 793 1475 870; x_wconf 90' lang='lat' dir='ltr'>partium;</span> <span class='ocrx_word' id='word_1_53' title='bbox 1524 795 1798 856; x_wconf 81' lang='lat' dir='ltr'>faciliora</span> <span class='ocrx_word' id='word_1_54' title='bbox 1826 796 2005 856; x_wconf 90' lang='lat' dir='ltr'>etiam</span> <span class='ocrx_word' id='word_1_55' title='bbox 2041 795 2102 857; x_wconf 86' lang='lat' dir='ltr'>in</span> <span class='ocrx_word' id='word_1_56' title='bbox 2132 797 2362 873; x_wconf 88' lang='lat' dir='ltr'>princi-</span> 
     </span>
     <span class='ocr_line' id='line_1_8' title="bbox 293 877 2364 956; baseline 0.002 -18"><span class='ocrx_word' id='word_1_57' title='bbox 293 878 443 954; x_wconf 82' lang='lat' dir='ltr'>piiS,</span> <span class='ocrx_word' id='word_1_58' title='bbox 482 879 651 953; x_wconf 90' lang='lat' dir='ltr'>quod</span> <span class='ocrx_word' id='word_1_59' title='bbox 680 888 740 938; x_wconf 94' lang='lat' dir='ltr'>et</span> <span class='ocrx_word' id='word_1_60' title='bbox 768 877 978 939; x_wconf 82' lang='lat' dir='ltr'>attenti</span> <span class='ocrx_word' id='word_1_61' title='bbox 1013 886 1138 938; x_wconf 92' lang='lat' dir='ltr'>tum</span> <span class='ocrx_word' id='word_1_62' title='bbox 1173 877 1435 938; x_wconf 86' lang='lat' dir='ltr'>maxime</span> <span class='ocrx_word' id='word_1_63' title='bbox 1470 887 1640 952; x_wconf 90' lang='lat' dir='ltr'>sunt,</span> <span class='ocrx_word' id='word_1_64' title='bbox 1683 896 1869 953; x_wconf 91' lang='lat' dir='ltr'>quum</span> <span class='ocrx_word' id='word_1_65' title='bbox 1902 881 2103 941; x_wconf 88' lang='lat' dir='ltr'>omnia</span> <span class='ocrx_word' id='word_1_66' title='bbox 2131 898 2364 956; x_wconf 91' lang='lat' dir='ltr'>exspe-</span> 
     </span>
     <span class='ocr_line' id='line_1_9' title="bbox 292 961 2357 1039; baseline -0.001 -16"><span class='ocrx_word' id='word_1_67' title='bbox 292 970 487 1033; x_wconf 88' lang='lat' dir='ltr'>ctant,</span> <span class='ocrx_word' id='word_1_68' title='bbox 521 970 583 1021; x_wconf 88' lang='lat' dir='ltr'>et</span> <span class='ocrx_word' id='word_1_69' title='bbox 610 962 844 1024; x_wconf 90' lang='lat' dir='ltr'>dociles</span> <span class='ocrx_word' id='word_1_70' title='bbox 877 964 1069 1039; x_wconf 85' lang='lat' dir='ltr'>magis</span> <span class='ocrx_word' id='word_1_71' title='bbox 1102 966 1308 1039; x_wconf 90' lang='lat' dir='ltr'>[quam</span> <span class='ocrx_word' id='word_1_72' title='bbox 1349 964 1430 1036; x_wconf 90' lang='lat' dir='ltr'>in]</span> <span class='ocrx_word' id='word_1_73' title='bbox 1468 961 1649 1021; x_wconf 90' lang='lat' dir='ltr'>initiis</span> <span class='ocrx_word' id='word_1_74' title='bbox 1682 978 1826 1021; x_wconf 90' lang='lat' dir='ltr'>esse</span> <span class='ocrx_word' id='word_1_75' title='bbox 1866 969 2036 1035; x_wconf 93' lang='lat' dir='ltr'>[non]</span> <span class='ocrx_word' id='word_1_76' title='bbox 2067 975 2357 1037; x_wconf 80' lang='lat' dir='ltr'>possunt.</span> 
     </span>
     <span class='ocr_line' id='line_1_10' title="bbox 293 1044 2359 1122; baseline -0.001 -16"><span class='ocrx_word' id='word_1_77' title='bbox 293 1046 629 1107; x_wconf 77' lang='lat' dir='ltr'>illustriora</span> <span class='ocrx_word' id='word_1_78' title='bbox 659 1046 817 1107; x_wconf 91' lang='lat' dir='ltr'>enim</span> <span class='ocrx_word' id='word_1_79' title='bbox 841 1055 1001 1120; x_wconf 91' lang='lat' dir='ltr'>sunt,</span> <span class='ocrx_word' id='word_1_80' title='bbox 1034 1063 1194 1121; x_wconf 89' lang='lat' dir='ltr'>quae</span> <span class='ocrx_word' id='word_1_81' title='bbox 1216 1046 1276 1106; x_wconf 90' lang='lat' dir='ltr'>in</span> <span class='ocrx_word' id='word_1_82' title='bbox 1301 1045 1616 1122; x_wconf 84' lang='lat' dir='ltr'>principiis</span> <span class='ocrx_word' id='word_1_83' title='bbox 1650 1062 1833 1119; x_wconf 90' lang='lat' dir='ltr'>quam</span> <span class='ocrx_word' id='word_1_84' title='bbox 1856 1061 2016 1120; x_wconf 90' lang='lat' dir='ltr'>quae</span> <span class='ocrx_word' id='word_1_85' title='bbox 2045 1045 2104 1105; x_wconf 93' lang='lat' dir='ltr'>in</span> <span class='ocrx_word' id='word_1_86' title='bbox 2137 1044 2359 1104; x_wconf 88' lang='lat' dir='ltr'>mediis</span> 
     </span>
    </p>
   </div>
   <div class='ocr_carea' id='block_1_3' title="bbox 201 1127 2366 1205">
    <p class='ocr_par' dir='ltr' id='par_1_3' title="bbox 201 1127 2366 1205">
     <span class='ocr_line' id='line_1_11' title="bbox 201 1127 2366 1205; baseline -0.002 -15"><span class='ocrx_word' id='word_1_87' title='bbox 201 1140 206 1147; x_wconf 81' lang='grc'><em>“</em></span> <span class='ocrx_word' id='word_1_88' title='bbox 291 1130 497 1190; x_wconf 87' lang='lat' dir='ltr'>causis</span> <span class='ocrx_word' id='word_1_89' title='bbox 531 1130 815 1190; x_wconf 88' lang='lat' dir='ltr'>dicuntur</span> <span class='ocrx_word' id='word_1_90' title='bbox 843 1142 947 1191; x_wconf 89' lang='lat' dir='ltr'>aut</span> <span class='ocrx_word' id='word_1_91' title='bbox 974 1131 1289 1205; x_wconf 83' lang='lat' dir='ltr'>arguendo</span> <span class='ocrx_word' id='word_1_92' title='bbox 1323 1138 1429 1189; x_wconf 90' lang='lat' dir='ltr'>aut</span> <span class='ocrx_word' id='word_1_93' title='bbox 1460 1129 1822 1188; x_wconf 77' lang='lat' dir='ltr'>refellend0.</span> <span class='ocrx_word' id='word_1_94' title='bbox 1855 1129 1997 1188; x_wconf 84' lang='lat'><strong>324.</strong></span> <span class='ocrx_word' id='word_1_95' title='bbox 2030 1127 2366 1188; x_wconf 83' lang='lat' dir='ltr'>Maximam</span> 
     </span>
    </p>
   </div>
   <div class='ocr_carea' id='block_1_4' title="bbox 289 1211 2371 3543">
    <p class='ocr_par' dir='ltr' id='par_1_4' title="bbox 289 1211 2367 2290">
     <span class='ocr_line' id='line_1_12' title="bbox 291 1211 2365 1289; baseline -0.002 -17"><span class='ocrx_word' id='word_1_96' title='bbox 291 1222 493 1289; x_wconf 88' lang='lat' dir='ltr'>autem</span> <span class='ocrx_word' id='word_1_97' title='bbox 517 1213 759 1288; x_wconf 90' lang='lat' dir='ltr'>copiam</span> <span class='ocrx_word' id='word_1_98' title='bbox 789 1214 1226 1289; x_wconf 85' lang='lat' dir='ltr'>principiorum</span> <span class='ocrx_word' id='word_1_99' title='bbox 1258 1215 1339 1273; x_wconf 89' lang='lat' dir='ltr'>ad</span> <span class='ocrx_word' id='word_1_100' title='bbox 1376 1212 1638 1273; x_wconf 91' lang='lat' dir='ltr'>iudicem</span> <span class='ocrx_word' id='word_1_101' title='bbox 1670 1220 1776 1271; x_wconf 88' lang='lat' dir='ltr'>aut</span> <span class='ocrx_word' id='word_1_102' title='bbox 1814 1211 2217 1271; x_wconf 89' lang='lat' dir='ltr'>adliciendum</span> <span class='ocrx_word' id='word_1_103' title='bbox 2247 1216 2365 1270; x_wconf 90' lang='lat' dir='ltr'>aut</span> 
     </span>
     <span class='ocr_line' id='line_1_13' title="bbox 290 1294 2359 1370; baseline -0.001 -14"><span class='ocrx_word' id='word_1_104' title='bbox 290 1296 661 1357; x_wconf 89' lang='lat' dir='ltr'>incitandum</span> <span class='ocrx_word' id='word_1_105' title='bbox 700 1314 774 1356; x_wconf 88' lang='lat' dir='ltr'>ex</span> <span class='ocrx_word' id='word_1_106' title='bbox 818 1298 892 1358; x_wconf 92' lang='lat' dir='ltr'>iis</span> <span class='ocrx_word' id='word_1_107' title='bbox 945 1297 1097 1358; x_wconf 92' lang='lat' dir='ltr'>locis</span> <span class='ocrx_word' id='word_1_108' title='bbox 1135 1298 1480 1368; x_wconf 81' lang='lat' dir='ltr'>trahemuS,</span> <span class='ocrx_word' id='word_1_109' title='bbox 1529 1294 1634 1370; x_wconf 89' lang='lat' dir='ltr'>qui</span> <span class='ocrx_word' id='word_1_110' title='bbox 1670 1296 1750 1354; x_wconf 91' lang='lat' dir='ltr'>ad</span> <span class='ocrx_word' id='word_1_111' title='bbox 1780 1303 1984 1355; x_wconf 91' lang='lat' dir='ltr'>motus</span> <span class='ocrx_word' id='word_1_112' title='bbox 2014 1295 2359 1354; x_wconf 84' lang='lat' dir='ltr'>animorum</span> 
     </span>
     <span class='ocr_line' id='line_1_14' title="bbox 293 1377 2355 1454; baseline -0 -16"><span class='ocrx_word' id='word_1_113' title='bbox 293 1380 715 1440; x_wconf 87' lang='lat' dir='ltr'>conficiendos</span> <span class='ocrx_word' id='word_1_114' title='bbox 747 1381 990 1441; x_wconf 90' lang='lat' dir='ltr'>inerunt</span> <span class='ocrx_word' id='word_1_115' title='bbox 1019 1381 1078 1440; x_wconf 91' lang='lat' dir='ltr'>in</span> <span class='ocrx_word' id='word_1_116' title='bbox 1112 1397 1332 1452; x_wconf 82' lang='lat' dir='ltr'>causa3</span> <span class='ocrx_word' id='word_1_117' title='bbox 1366 1395 1524 1454; x_wconf 89' lang='lat' dir='ltr'>quos</span> <span class='ocrx_word' id='word_1_118' title='bbox 1552 1386 1755 1439; x_wconf 90' lang='lat' dir='ltr'>tamen</span> <span class='ocrx_word' id='word_1_119' title='bbox 1779 1386 1948 1438; x_wconf 90' lang='lat' dir='ltr'>totos</span> <span class='ocrx_word' id='word_1_120' title='bbox 1972 1377 2263 1452; x_wconf 87' lang='lat' dir='ltr'>explicari</span> <span class='ocrx_word' id='word_1_121' title='bbox 2294 1377 2355 1437; x_wconf 93' lang='lat' dir='ltr'>in</span> 
     </span>
     <span class='ocr_line' id='line_1_15' title="bbox 293 1459 2358 1539; baseline 0 -17"><span class='ocrx_word' id='word_1_122' title='bbox 293 1462 591 1538; x_wconf 90' lang='lat' dir='ltr'>principio</span> <span class='ocrx_word' id='word_1_123' title='bbox 636 1479 759 1522; x_wconf 92' lang='lat' dir='ltr'>non</span> <span class='ocrx_word' id='word_1_124' title='bbox 808 1464 1144 1539; x_wconf 85' lang='lat' dir='ltr'>oportebit,</span> <span class='ocrx_word' id='word_1_125' title='bbox 1188 1466 1298 1523; x_wconf 90' lang='lat' dir='ltr'>sed</span> <span class='ocrx_word' id='word_1_126' title='bbox 1331 1471 1565 1523; x_wconf 87' lang='lat' dir='ltr'>tantum</span> <span class='ocrx_word' id='word_1_127' title='bbox 1604 1461 1831 1537; x_wconf 88' lang='lat' dir='ltr'>impelli</span> <span class='ocrx_word' id='word_1_128' title='bbox 1864 1460 2121 1521; x_wconf 85' lang='lat' dir='ltr'>iudicem</span> <span class='ocrx_word' id='word_1_129' title='bbox 2156 1459 2358 1535; x_wconf 88' lang='lat' dir='ltr'>primo</span> 
     </span>
     <span class='ocr_line' id='line_1_16' title="bbox 291 1545 2358 1620; baseline -0 -15"><span class='ocrx_word' id='word_1_130' title='bbox 291 1545 524 1615; x_wconf 92' lang='lat' dir='ltr'>leviter,</span> <span class='ocrx_word' id='word_1_131' title='bbox 550 1553 618 1604; x_wconf 92' lang='lat' dir='ltr'>ut</span> <span class='ocrx_word' id='word_1_132' title='bbox 640 1545 757 1604; x_wconf 90' lang='lat' dir='ltr'>iam</span> <span class='ocrx_word' id='word_1_133' title='bbox 783 1547 1069 1606; x_wconf 91' lang='lat' dir='ltr'>inclinato</span> <span class='ocrx_word' id='word_1_134' title='bbox 1096 1547 1332 1620; x_wconf 88' lang='lat' dir='ltr'>reliqua</span> <span class='ocrx_word' id='word_1_135' title='bbox 1362 1546 1670 1606; x_wconf 88' lang='lat' dir='ltr'>incumbat</span> <span class='ocrx_word' id='word_1_136' title='bbox 1697 1545 1912 1605; x_wconf 90' lang='lat' dir='ltr'>oratio.</span> <span class='ocrx_word' id='word_1_137' title='bbox 1952 1545 2183 1605; x_wconf 89' lang='lat' dir='ltr'>LXXX.</span> <span class='ocrx_word' id='word_1_138' title='bbox 2209 1545 2358 1604; x_wconf 83' lang='lat'><strong>325.</strong></span> 
     </span>
     <span class='ocr_line' id='line_1_17' title="bbox 292 1627 2361 1704; baseline 0 -16"><span class='ocrx_word' id='word_1_139' title='bbox 292 1630 606 1689; x_wconf 86' lang='lat' dir='ltr'>Conexum</span> <span class='ocrx_word' id='word_1_140' title='bbox 647 1637 853 1690; x_wconf 89' lang='lat' dir='ltr'>autem</span> <span class='ocrx_word' id='word_1_141' title='bbox 897 1630 979 1688; x_wconf 88' lang='lat' dir='ltr'>ita</span> <span class='ocrx_word' id='word_1_142' title='bbox 1017 1629 1094 1689; x_wconf 91' lang='lat' dir='ltr'>sit</span> <span class='ocrx_word' id='word_1_143' title='bbox 1135 1629 1497 1704; x_wconf 89' lang='lat' dir='ltr'>principium</span> <span class='ocrx_word' id='word_1_144' title='bbox 1529 1627 1932 1702; x_wconf 87' lang='lat' dir='ltr'>consequenti</span> <span class='ocrx_word' id='word_1_145' title='bbox 1962 1627 2241 1699; x_wconf 87' lang='lat' dir='ltr'>orationi,</span> <span class='ocrx_word' id='word_1_146' title='bbox 2287 1636 2361 1688; x_wconf 87' lang='lat' dir='ltr'>ut</span> 
     </span>
     <span class='ocr_line' id='line_1_18' title="bbox 290 1711 2357 1788; baseline -0.002 -14"><span class='ocrx_word' id='word_1_147' title='bbox 290 1730 413 1774; x_wconf 90' lang='lat' dir='ltr'>non</span> <span class='ocrx_word' id='word_1_148' title='bbox 454 1721 766 1787; x_wconf 90' lang='lat' dir='ltr'>tamquam</span> <span class='ocrx_word' id='word_1_149' title='bbox 809 1713 1147 1774; x_wconf 86' lang='lat' dir='ltr'>citharoedi</span> <span class='ocrx_word' id='word_1_150' title='bbox 1190 1713 1574 1788; x_wconf 90' lang='lat' dir='ltr'>prooemium</span> <span class='ocrx_word' id='word_1_151' title='bbox 1606 1713 1895 1771; x_wconf 87' lang='lat' dir='ltr'>adfictum</span> <span class='ocrx_word' id='word_1_152' title='bbox 1924 1711 2193 1785; x_wconf 89' lang='lat' dir='ltr'>aliquod,</span> <span class='ocrx_word' id='word_1_153' title='bbox 2241 1713 2357 1771; x_wconf 89' lang='lat' dir='ltr'>sed</span> 
     </span>
     <span class='ocr_line' id='line_1_19' title="bbox 293 1793 2363 1871; baseline -0.003 -13"><span class='ocrx_word' id='word_1_154' title='bbox 293 1798 633 1858; x_wconf 88' lang='lat' dir='ltr'>cohaerens</span> <span class='ocrx_word' id='word_1_155' title='bbox 666 1813 802 1857; x_wconf 90' lang='lat' dir='ltr'>cum</span> <span class='ocrx_word' id='word_1_156' title='bbox 834 1797 1000 1858; x_wconf 91' lang='lat' dir='ltr'>omni</span> <span class='ocrx_word' id='word_1_157' title='bbox 1027 1813 1295 1871; x_wconf 91' lang='lat' dir='ltr'>corpore</span> <span class='ocrx_word' id='word_1_158' title='bbox 1325 1797 1662 1856; x_wconf 90' lang='lat' dir='ltr'>membrum</span> <span class='ocrx_word' id='word_1_159' title='bbox 1689 1811 1831 1855; x_wconf 90' lang='lat' dir='ltr'>esse</span> <span class='ocrx_word' id='word_1_160' title='bbox 1861 1793 2158 1855; x_wconf 90' lang='lat' dir='ltr'>videatur.</span> <span class='ocrx_word' id='word_1_161' title='bbox 2205 1796 2363 1853; x_wconf 88' lang='lat' dir='ltr'>Nam</span> 
     </span>
     <span class='ocr_line' id='line_1_20' title="bbox 291 1877 2367 1956; baseline -0.002 -14"><span class='ocrx_word' id='word_1_162' title='bbox 291 1880 586 1953; x_wconf 91' lang='lat' dir='ltr'>nonnulli,</span> <span class='ocrx_word' id='word_1_163' title='bbox 614 1899 800 1956; x_wconf 91' lang='lat' dir='ltr'>quum</span> <span class='ocrx_word' id='word_1_164' title='bbox 830 1882 975 1942; x_wconf 91' lang='lat' dir='ltr'>illud</span> <span class='ocrx_word' id='word_1_165' title='bbox 1004 1881 1274 1940; x_wconf 90' lang='lat' dir='ltr'>meditati</span> <span class='ocrx_word' id='word_1_166' title='bbox 1304 1880 1645 1951; x_wconf 89' lang='lat' dir='ltr'>ediderunt,</span> <span class='ocrx_word' id='word_1_167' title='bbox 1675 1879 1764 1938; x_wconf 84' lang='lat' dir='ltr'>sic</span> <span class='ocrx_word' id='word_1_168' title='bbox 1793 1879 1871 1937; x_wconf 96' lang='lat' dir='ltr'>ad</span> <span class='ocrx_word' id='word_1_169' title='bbox 1895 1877 2132 1951; x_wconf 88' lang='lat' dir='ltr'>reliqua</span> <span class='ocrx_word' id='word_1_170' title='bbox 2160 1884 2367 1938; x_wconf 88' lang='lat' dir='ltr'>trans-</span> 
     </span>
     <span class='ocr_line' id='line_1_21' title="bbox 292 1962 2364 2039; baseline -0.002 -13"><span class='ocrx_word' id='word_1_171' title='bbox 292 1974 459 2039; x_wconf 92' lang='lat' dir='ltr'>eunt,</span> <span class='ocrx_word' id='word_1_172' title='bbox 488 1974 557 2026; x_wconf 92' lang='lat' dir='ltr'>ut</span> <span class='ocrx_word' id='word_1_173' title='bbox 578 1966 946 2027; x_wconf 88' lang='lat' dir='ltr'>audientiam</span> <span class='ocrx_word' id='word_1_174' title='bbox 973 1965 1107 2025; x_wconf 88' lang='lat' dir='ltr'>fleri</span> <span class='ocrx_word' id='word_1_175' title='bbox 1131 1965 1247 2025; x_wconf 92' lang='lat' dir='ltr'>sibi</span> <span class='ocrx_word' id='word_1_176' title='bbox 1268 1967 1433 2025; x_wconf 90' lang='lat' dir='ltr'>nolle</span> <span class='ocrx_word' id='word_1_177' title='bbox 1462 1963 1799 2023; x_wconf 86' lang='lat' dir='ltr'>videantur.</span> <span class='ocrx_word' id='word_1_178' title='bbox 1831 1969 2037 2036; x_wconf 91' lang='lat' dir='ltr'>Atque</span> <span class='ocrx_word' id='word_1_179' title='bbox 2054 1962 2364 2022; x_wconf 90' lang='lat' dir='ltr'>eiusmodi</span> 
     </span>
     <span class='ocr_line' id='line_1_22' title="bbox 290 2044 2362 2123; baseline -0.001 -12"><span class='ocrx_word' id='word_1_180' title='bbox 290 2050 394 2111; x_wconf 91' lang='lat' dir='ltr'>illa</span> <span class='ocrx_word' id='word_1_181' title='bbox 414 2050 693 2123; x_wconf 88' lang='lat' dir='ltr'>prolusio</span> <span class='ocrx_word' id='word_1_182' title='bbox 717 2051 901 2110; x_wconf 90' lang='lat' dir='ltr'>debet</span> <span class='ocrx_word' id='word_1_183' title='bbox 927 2066 1086 2122; x_wconf 85' lang='lat' dir='ltr'>esse,</span> <span class='ocrx_word' id='word_1_184' title='bbox 1122 2065 1243 2109; x_wconf 93' lang='lat' dir='ltr'>non</span> <span class='ocrx_word' id='word_1_185' title='bbox 1269 2055 1337 2108; x_wconf 90' lang='lat' dir='ltr'>ut</span> <span class='ocrx_word' id='word_1_186' title='bbox 1361 2046 1733 2116; x_wconf 90' lang='lat' dir='ltr'>Samnitium,</span> <span class='ocrx_word' id='word_1_187' title='bbox 1757 2046 1861 2119; x_wconf 92' lang='lat' dir='ltr'>qui</span> <span class='ocrx_word' id='word_1_188' title='bbox 1883 2044 2125 2105; x_wconf 89' lang='lat' dir='ltr'>vibrant</span> <span class='ocrx_word' id='word_1_189' title='bbox 2146 2045 2362 2109; x_wconf 81' lang='lat' dir='ltr'>hastas</span> 
     </span>
     <span class='ocr_line' id='line_1_23' title="bbox 289 2129 2363 2207; baseline -0 -17"><span class='ocrx_word' id='word_1_190' title='bbox 289 2142 434 2194; x_wconf 80' lang='lat' dir='ltr'>ante</span> <span class='ocrx_word' id='word_1_191' title='bbox 463 2149 748 2207; x_wconf 84' lang='lat' dir='ltr'>pugnam,</span> <span class='ocrx_word' id='word_1_192' title='bbox 781 2132 1004 2207; x_wconf 89' lang='lat' dir='ltr'>quibus</span> <span class='ocrx_word' id='word_1_193' title='bbox 1039 2133 1098 2190; x_wconf 92' lang='lat' dir='ltr'>in</span> <span class='ocrx_word' id='word_1_194' title='bbox 1128 2131 1458 2205; x_wconf 84' lang='lat' dir='ltr'>pugnando</span> <span class='ocrx_word' id='word_1_195' title='bbox 1491 2130 1635 2189; x_wconf 79' lang='lat' dir='ltr'>nihil</span> <span class='ocrx_word' id='word_1_196' title='bbox 1667 2138 1941 2201; x_wconf 91' lang='lat' dir='ltr'>utuntur,</span> <span class='ocrx_word' id='word_1_197' title='bbox 1981 2131 2091 2190; x_wconf 93' lang='lat' dir='ltr'>sed</span> <span class='ocrx_word' id='word_1_198' title='bbox 2114 2139 2181 2190; x_wconf 93' lang='lat' dir='ltr'>ut</span> <span class='ocrx_word' id='word_1_199' title='bbox 2203 2129 2363 2205; x_wconf 76' lang='lat' dir='ltr'>ipsis</span> 
     </span>
     <span class='ocr_line' id='line_1_24' title="bbox 289 2212 2066 2290; baseline 0.001 -18"><span class='ocrx_word' id='word_1_200' title='bbox 289 2215 640 2288; x_wconf 87' lang='lat' dir='ltr'>sententiis,</span> <span class='ocrx_word' id='word_1_201' title='bbox 676 2216 897 2290; x_wconf 88' lang='lat' dir='ltr'>quibus</span> <span class='ocrx_word' id='word_1_202' title='bbox 928 2214 1330 2289; x_wconf 86' lang='lat' dir='ltr'>proluserint,</span> <span class='ocrx_word' id='word_1_203' title='bbox 1358 2215 1457 2273; x_wconf 85' lang='lat' dir='ltr'>vel</span> <span class='ocrx_word' id='word_1_204' title='bbox 1492 2230 1770 2289; x_wconf 83' lang='lat' dir='ltr'>pugnare</span> <span class='ocrx_word' id='word_1_205' title='bbox 1804 2212 2066 2289; x_wconf 87' lang='lat' dir='ltr'>possint.</span> 
     </span>
    </p>

    <p class='ocr_par' dir='ltr' id='par_1_5' title="bbox 289 2295 2367 2956">
     <span class='ocr_line' id='line_1_25' title="bbox 460 2295 2364 2371; baseline -0.001 -13"><span class='ocrx_word' id='word_1_206' title='bbox 460 2297 603 2358; x_wconf 78' lang='lat'><strong>326.</strong></span> <span class='ocrx_word' id='word_1_207' title='bbox 645 2298 903 2357; x_wconf 89' lang='lat' dir='ltr'>Narrare</span> <span class='ocrx_word' id='word_1_208' title='bbox 947 2313 1091 2357; x_wconf 87' lang='lat' dir='ltr'>vero</span> <span class='ocrx_word' id='word_1_209' title='bbox 1135 2313 1264 2357; x_wconf 88' lang='lat' dir='ltr'>rem</span> <span class='ocrx_word' id='word_1_210' title='bbox 1296 2298 1465 2371; x_wconf 92' lang='lat' dir='ltr'>quod</span> <span class='ocrx_word' id='word_1_211' title='bbox 1499 2296 1765 2357; x_wconf 89' lang='lat' dir='ltr'>breviter</span> <span class='ocrx_word' id='word_1_212' title='bbox 1794 2296 2030 2371; x_wconf 89' lang='lat' dir='ltr'>iubent,</span> <span class='ocrx_word' id='word_1_213' title='bbox 2074 2295 2129 2357; x_wconf 94' lang='lat' dir='ltr'>si</span> <span class='ocrx_word' id='word_1_214' title='bbox 2157 2295 2364 2357; x_wconf 90' lang='lat' dir='ltr'>brevi-</span> 
     </span>
     <span class='ocr_line' id='line_1_26' title="bbox 298 2378 2366 2457; baseline -0.002 -11"><span class='ocrx_word' id='word_1_215' title='bbox 298 2400 387 2446; x_wconf 84' lang='lat' dir='ltr'>tas</span> <span class='ocrx_word' id='word_1_216' title='bbox 417 2381 786 2457; x_wconf 88' lang='lat' dir='ltr'>appellanda</span> <span class='ocrx_word' id='word_1_217' title='bbox 814 2389 939 2456; x_wconf 90' lang='lat' dir='ltr'>est,</span> <span class='ocrx_word' id='word_1_218' title='bbox 983 2397 1168 2455; x_wconf 91' lang='lat' dir='ltr'>quum</span> <span class='ocrx_word' id='word_1_219' title='bbox 1211 2382 1465 2441; x_wconf 89' lang='lat' dir='ltr'>verbum</span> <span class='ocrx_word' id='word_1_220' title='bbox 1505 2383 1735 2440; x_wconf 90' lang='lat' dir='ltr'>nullum</span> <span class='ocrx_word' id='word_1_221' title='bbox 1774 2382 2104 2454; x_wconf 85' lang='lat' dir='ltr'>redundat,</span> <span class='ocrx_word' id='word_1_222' title='bbox 2148 2378 2366 2441; x_wconf 89' lang='lat' dir='ltr'>brevis</span> 
     </span>
     <span class='ocr_line' id='line_1_27' title="bbox 294 2462 2366 2539; baseline -0.002 -11"><span class='ocrx_word' id='word_1_223' title='bbox 294 2476 391 2528; x_wconf 92' lang='lat' dir='ltr'>est</span> <span class='ocrx_word' id='word_1_224' title='bbox 409 2467 477 2525; x_wconf 89' lang='lat' dir='ltr'>L.</span> <span class='ocrx_word' id='word_1_225' title='bbox 510 2464 714 2525; x_wconf 90' lang='lat' dir='ltr'>Crassi</span> <span class='ocrx_word' id='word_1_226' title='bbox 750 2463 976 2535; x_wconf 88' lang='lat' dir='ltr'>oratio;</span> <span class='ocrx_word' id='word_1_227' title='bbox 1012 2462 1105 2524; x_wconf 90' lang='lat' dir='ltr'>sin</span> <span class='ocrx_word' id='word_1_228' title='bbox 1140 2472 1266 2525; x_wconf 89' lang='lat' dir='ltr'>tum</span> <span class='ocrx_word' id='word_1_229' title='bbox 1296 2474 1391 2525; x_wconf 90' lang='lat' dir='ltr'>est</span> <span class='ocrx_word' id='word_1_230' title='bbox 1423 2463 1723 2537; x_wconf 82' lang='lat' dir='ltr'>brevitaS,</span> <span class='ocrx_word' id='word_1_231' title='bbox 1755 2483 1943 2539; x_wconf 86' lang='lat' dir='ltr'>quum</span> <span class='ocrx_word' id='word_1_232' title='bbox 1966 2472 2200 2527; x_wconf 90' lang='lat' dir='ltr'>tantum</span> <span class='ocrx_word' id='word_1_233' title='bbox 2220 2480 2366 2524; x_wconf 89' lang='lat' dir='ltr'>ver-</span> 
     </span>
     <span class='ocr_line' id='line_1_28' title="bbox 291 2547 2364 2623; baseline -0.002 -12"><span class='ocrx_word' id='word_1_234' title='bbox 291 2551 509 2611; x_wconf 89' lang='lat' dir='ltr'>borum</span> <span class='ocrx_word' id='word_1_235' title='bbox 550 2558 675 2622; x_wconf 92' lang='lat' dir='ltr'>est,</span> <span class='ocrx_word' id='word_1_236' title='bbox 722 2555 1014 2622; x_wconf 88' lang='lat' dir='ltr'>quantum</span> <span class='ocrx_word' id='word_1_237' title='bbox 1053 2564 1314 2609; x_wconf 88' lang='lat' dir='ltr'>necesse</span> <span class='ocrx_word' id='word_1_238' title='bbox 1360 2556 1484 2619; x_wconf 89' lang='lat' dir='ltr'>est,</span> <span class='ocrx_word' id='word_1_239' title='bbox 1543 2547 1871 2623; x_wconf 91' lang='lat' dir='ltr'>aliquando</span> <span class='ocrx_word' id='word_1_240' title='bbox 1921 2548 1985 2609; x_wconf 91' lang='lat' dir='ltr'>id</span> <span class='ocrx_word' id='word_1_241' title='bbox 2029 2565 2188 2623; x_wconf 91' lang='lat' dir='ltr'>opus</span> <span class='ocrx_word' id='word_1_242' title='bbox 2230 2556 2364 2619; x_wconf 80' lang='lat' dir='ltr'>est3</span> 
     </span>
     <span class='ocr_line' id='line_1_29' title="bbox 294 2631 2367 2708; baseline -0.001 -14"><span class='ocrx_word' id='word_1_243' title='bbox 294 2634 408 2694; x_wconf 91' lang='lat' dir='ltr'>sed</span> <span class='ocrx_word' id='word_1_244' title='bbox 451 2648 642 2707; x_wconf 85' lang='lat' dir='ltr'>saepe</span> <span class='ocrx_word' id='word_1_245' title='bbox 684 2634 863 2693; x_wconf 93' lang='lat' dir='ltr'>obest</span> <span class='ocrx_word' id='word_1_246' title='bbox 892 2634 994 2692; x_wconf 88' lang='lat' dir='ltr'>vel</span> <span class='ocrx_word' id='word_1_247' title='bbox 1022 2631 1284 2693; x_wconf 87' lang='lat' dir='ltr'>maxime</span> <span class='ocrx_word' id='word_1_248' title='bbox 1316 2631 1377 2691; x_wconf 90' lang='lat' dir='ltr'>in</span> <span class='ocrx_word' id='word_1_249' title='bbox 1408 2632 1745 2706; x_wconf 86' lang='lat' dir='ltr'>narrando,</span> <span class='ocrx_word' id='word_1_250' title='bbox 1792 2649 1915 2693; x_wconf 91' lang='lat' dir='ltr'>non</span> <span class='ocrx_word' id='word_1_251' title='bbox 1958 2633 2159 2693; x_wconf 87' lang='lat' dir='ltr'>solum</span> <span class='ocrx_word' id='word_1_252' title='bbox 2189 2633 2367 2708; x_wconf 90' lang='lat' dir='ltr'>quod</span> 
     </span>
     <span class='ocr_line' id='line_1_30' title="bbox 295 2713 2366 2791; baseline -0.002 -13"><span class='ocrx_word' id='word_1_253' title='bbox 295 2718 725 2779; x_wconf 84' lang='lat' dir='ltr'>obscuritatem</span> <span class='ocrx_word' id='word_1_254' title='bbox 748 2717 975 2789; x_wconf 78' lang='lat' dir='ltr'>adfert,</span> <span class='ocrx_word' id='word_1_255' title='bbox 1003 2718 1114 2777; x_wconf 93' lang='lat' dir='ltr'>sed</span> <span class='ocrx_word' id='word_1_256' title='bbox 1140 2715 1320 2777; x_wconf 89' lang='lat' dir='ltr'>etiam</span> <span class='ocrx_word' id='word_1_257' title='bbox 1347 2717 1516 2790; x_wconf 92' lang='lat' dir='ltr'>quod</span> <span class='ocrx_word' id='word_1_258' title='bbox 1539 2732 1674 2774; x_wconf 89' lang='lat' dir='ltr'>eam</span> <span class='ocrx_word' id='word_1_259' title='bbox 1700 2713 1975 2776; x_wconf 88' lang='lat' dir='ltr'>virtutem</span> <span class='ocrx_word' id='word_1_260' title='bbox 1993 2762 2008 2789; x_wconf 95' lang='lat'>,</span> <span class='ocrx_word' id='word_1_261' title='bbox 2037 2732 2198 2791; x_wconf 90' lang='lat' dir='ltr'>quae</span> <span class='ocrx_word' id='word_1_262' title='bbox 2219 2732 2366 2775; x_wconf 86' lang='lat' dir='ltr'>nar-</span> 
     </span>
     <span class='ocr_line' id='line_1_31' title="bbox 289 2799 2363 2875; baseline -0.001 -14"><span class='ocrx_word' id='word_1_263' title='bbox 289 2800 544 2861; x_wconf 91' lang='lat' dir='ltr'>rationis</span> <span class='ocrx_word' id='word_1_264' title='bbox 591 2810 687 2861; x_wconf 92' lang='lat' dir='ltr'>est</span> <span class='ocrx_word' id='word_1_265' title='bbox 727 2799 1019 2875; x_wconf 88' lang='lat' dir='ltr'>maxima,</span> <span class='ocrx_word' id='word_1_266' title='bbox 1066 2810 1132 2860; x_wconf 92' lang='lat' dir='ltr'>ut</span> <span class='ocrx_word' id='word_1_267' title='bbox 1177 2799 1444 2860; x_wconf 89' lang='lat' dir='ltr'>iucunda</span> <span class='ocrx_word' id='word_1_268' title='bbox 1486 2808 1547 2857; x_wconf 94' lang='lat' dir='ltr'>et</span> <span class='ocrx_word' id='word_1_269' title='bbox 1586 2799 1665 2857; x_wconf 87' lang='lat' dir='ltr'>ad</span> <span class='ocrx_word' id='word_1_270' title='bbox 1713 2801 2209 2873; x_wconf 86' lang='lat' dir='ltr'>persuadendum</span> <span class='ocrx_word' id='word_1_271' title='bbox 2256 2816 2363 2859; x_wconf 84' lang='lat' dir='ltr'>ac-</span> 
     </span>
     <span class='ocr_line' id='line_1_32' title="bbox 293 2882 1364 2956; baseline -0.004 -10"><span class='ocrx_word' id='word_1_272' title='bbox 293 2885 680 2946; x_wconf 90' lang='lat' dir='ltr'>commodata</span> <span class='ocrx_word' id='word_1_273' title='bbox 709 2882 816 2956; x_wconf 89' lang='lat' dir='ltr'>sit,</span> <span class='ocrx_word' id='word_1_274' title='bbox 859 2882 1025 2944; x_wconf 88' lang='lat' dir='ltr'>tollit.</span> <span class='ocrx_word' id='word_1_275' title='bbox 1094 2884 1210 2943; x_wconf 91' lang='lat' dir='ltr'>Vel</span> <span class='ocrx_word' id='word_1_276' title='bbox 1243 2883 1364 2955; x_wconf 91' lang='lat' dir='ltr'>illa,</span> 
     </span>
    </p>

    <p class='ocr_par' dir='ltr' id='par_1_6' title="bbox 291 2968 2371 3543">
     <span class='ocr_line' id='line_1_33' title="bbox 544 2968 1887 3043; baseline -0.002 -15"><span class='ocrx_word' id='word_1_277' title='bbox 544 2969 695 3028; x_wconf 85' lang='lat' dir='ltr'>Nam</span> <span class='ocrx_word' id='word_1_278' title='bbox 724 2971 775 3027; x_wconf 80' lang='lat' dir='ltr'>is</span> <span class='ocrx_word' id='word_1_279' title='bbox 793 2975 1103 3043; x_wconf 82' lang='lat' dir='ltr'>postquam</span> <span class='ocrx_word' id='word_1_280' title='bbox 1130 2970 1384 3029; x_wconf 81' lang='lat' dir='ltr'>excessit</span> <span class='ocrx_word' id='word_1_281' title='bbox 1408 2984 1488 3027; x_wconf 80' lang='lat' dir='ltr'>ex</span> <span class='ocrx_word' id='word_1_282' title='bbox 1513 2968 1749 3042; x_wconf 81' lang='lat' dir='ltr'>ephebis</span> <span class='ocrx_word' id='word_1_283' title='bbox 1779 3011 1792 3024; x_wconf 91' lang='lat'><strong>.</strong></span> <span class='ocrx_word' id='word_1_284' title='bbox 1811 3011 1824 3024; x_wconf 91' lang='lat'><strong>.</strong></span> <span class='ocrx_word' id='word_1_285' title='bbox 1842 3012 1856 3025; x_wconf 92' lang='lat'><strong>.</strong></span> <span class='ocrx_word' id='word_1_286' title='bbox 1873 3010 1887 3024; x_wconf 87' lang='lat'><strong>.</strong></span> 
     </span>
     <span class='ocr_line' id='line_1_34' title="bbox 293 3048 2369 3129; baseline -0 -16"><span class='ocrx_word' id='word_1_287' title='bbox 293 3069 478 3129; x_wconf 90' lang='lat' dir='ltr'>quam</span> <span class='ocrx_word' id='word_1_288' title='bbox 519 3054 701 3126; x_wconf 83' lang='lat' dir='ltr'>longa</span> <span class='ocrx_word' id='word_1_289' title='bbox 741 3059 837 3111; x_wconf 91' lang='lat' dir='ltr'>est</span> <span class='ocrx_word' id='word_1_290' title='bbox 876 3049 1170 3111; x_wconf 85' lang='lat' dir='ltr'>narratio!</span> <span class='ocrx_word' id='word_1_291' title='bbox 1253 3048 1397 3113; x_wconf 76' lang='lat'><strong>327.</strong></span> <span class='ocrx_word' id='word_1_292' title='bbox 1450 3067 1654 3111; x_wconf 88' lang='lat' dir='ltr'>mores</span> <span class='ocrx_word' id='word_1_293' title='bbox 1697 3048 2112 3110; x_wconf 91' lang='lat' dir='ltr'>adolescentis</span> <span class='ocrx_word' id='word_1_294' title='bbox 2161 3048 2369 3125; x_wconf 88' lang='lat' dir='ltr'>ipsius</span> 
     </span>
     <span class='ocr_line' id='line_1_35' title="bbox 291 3133 2371 3211; baseline 0 -16"><span class='ocrx_word' id='word_1_295' title='bbox 291 3147 351 3197; x_wconf 91' lang='lat' dir='ltr'>et</span> <span class='ocrx_word' id='word_1_296' title='bbox 394 3135 634 3197; x_wconf 90' lang='lat' dir='ltr'>servilis</span> <span class='ocrx_word' id='word_1_297' title='bbox 677 3134 1092 3211; x_wconf 89' lang='lat' dir='ltr'>percontati0,</span> <span class='ocrx_word' id='word_1_298' title='bbox 1137 3151 1302 3194; x_wconf 92' lang='lat' dir='ltr'>mors</span> <span class='ocrx_word' id='word_1_299' title='bbox 1347 3133 1698 3211; x_wconf 83' lang='lat' dir='ltr'>Chrysidis,</span> <span class='ocrx_word' id='word_1_300' title='bbox 1743 3135 1944 3194; x_wconf 90' lang='lat' dir='ltr'>vultus</span> <span class='ocrx_word' id='word_1_301' title='bbox 1986 3143 2047 3193; x_wconf 95' lang='lat' dir='ltr'>et</span> <span class='ocrx_word' id='word_1_302' title='bbox 2075 3134 2273 3195; x_wconf 81' lang='lat' dir='ltr'>forma</span> <span class='ocrx_word' id='word_1_303' title='bbox 2302 3144 2371 3195; x_wconf 88' lang='lat' dir='ltr'>et</span> 
     </span>
     <span class='ocr_line' id='line_1_36' title="bbox 292 3216 2367 3294; baseline -0 -15"><span class='ocrx_word' id='word_1_304' title='bbox 292 3221 639 3282; x_wconf 90' lang='lat' dir='ltr'>lamentatio</span> <span class='ocrx_word' id='word_1_305' title='bbox 684 3217 948 3293; x_wconf 90' lang='lat' dir='ltr'>sororis,</span> <span class='ocrx_word' id='word_1_306' title='bbox 991 3216 1229 3294; x_wconf 90' lang='lat' dir='ltr'>reliqua</span> <span class='ocrx_word' id='word_1_307' title='bbox 1270 3216 1553 3294; x_wconf 89' lang='lat' dir='ltr'>pervarie</span> <span class='ocrx_word' id='word_1_308' title='bbox 1595 3216 1988 3292; x_wconf 90' lang='lat' dir='ltr'>iucundeque</span> <span class='ocrx_word' id='word_1_309' title='bbox 2017 3226 2367 3280; x_wconf 84' lang='lat' dir='ltr'>narrantur.</span> 
     </span>
     <span class='ocr_line' id='line_1_37' title="bbox 294 3301 1499 3376; baseline -0.002 -12"><span class='ocrx_word' id='word_1_310' title='bbox 294 3302 523 3376; x_wconf 79' lang='lat' dir='ltr'>Quodsi</span> <span class='ocrx_word' id='word_1_311' title='bbox 556 3304 711 3363; x_wconf 83' lang='lat' dir='ltr'>hanc</span> <span class='ocrx_word' id='word_1_312' title='bbox 741 3302 1098 3363; x_wconf 89' lang='lat' dir='ltr'>brevitatem</span> <span class='ocrx_word' id='word_1_313' title='bbox 1132 3301 1499 3376; x_wconf 89' lang='lat' dir='ltr'>quaesisset,</span> 
     </span>
     <span class='ocr_line' id='line_1_38' title="bbox 373 3388 1688 3461; baseline -0.001 -16"><span class='ocrx_word' id='word_1_314' title='bbox 373 3388 673 3460; x_wconf 83' lang='lat' dir='ltr'>Effertur,</span> <span class='ocrx_word' id='word_1_315' title='bbox 703 3390 884 3446; x_wconf 78' lang='lat' dir='ltr'>imus.-</span> <span class='ocrx_word' id='word_1_316' title='bbox 923 3388 1006 3446; x_wconf 83' lang='lat' dir='ltr'>ad</span> <span class='ocrx_word' id='word_1_317' title='bbox 1030 3389 1368 3461; x_wconf 79' lang='lat' dir='ltr'>sepulcrum</span> <span class='ocrx_word' id='word_1_318' title='bbox 1396 3388 1656 3445; x_wconf 76' lang='lat' dir='ltr'>venimus</span> <span class='ocrx_word' id='word_1_319' title='bbox 1675 3407 1688 3419; x_wconf 92' lang='lat'><strong>·</strong></span> 
     </span>
     <span class='ocr_line' id='line_1_39' title="bbox 384 3470 1099 3543; baseline 0.007 -18"><span class='ocrx_word' id='word_1_320' title='bbox 384 3470 449 3525; x_wconf 83' lang='lat' dir='ltr'>In</span> <span class='ocrx_word' id='word_1_321' title='bbox 479 3472 673 3539; x_wconf 71' lang='lat' dir='ltr'>iynem</span> <span class='ocrx_word' id='word_1_322' title='bbox 700 3471 967 3543; x_wconf 73' lang='lat' dir='ltr'>imposita</span> <span class='ocrx_word' id='word_1_323' title='bbox 999 3476 1099 3532; x_wconf 73' lang='lat' dir='ltr'>est.</span> 
     </span>
    </p>
   </div>
  </div>
 </body>
</html>
