2622 3908
297 212 379 274 26
1075 208 1176 267 DE
1222 206 1585 268 ORATORE

301 361 502 423 bitatis
546 358 1075 421 commendatione
1116 359 1465 434 prodesset.
1550 357 1790 418 XXVII.
1851 358 2000 418 Tum
2045 357 2371 434 Antonius,

299 446 534 520 Saepe,
563 452 629 504 ut
658 442 842 517 dicis,
873 442 1097 517 inquit,
1134 441 1566 515 animadverti,
1601 443 1852 514 Crasse,
1897 451 1959 503 et
1986 450 2046 502 te
2082 450 2143 502 et
2172 452 2370 504 caete-

299 546 402 590 ros
434 537 711 589 oratores
742 543 1046 600 summos,
1095 543 1467 602 quamquam
1495 524 1603 587 tibi
1632 542 1746 601 par
1773 541 1911 585 mea
1940 524 2239 586 sententia
2270 543 2367 586 ne-

297 629 396 672 mo
428 628 719 686 umquam
748 610 888 683 fuit,
920 610 980 669 in
1014 609 1259 670 dicendi
1290 609 1547 670 exordio
1578 607 1945 684 permoveri.
2005 608 2148 671 123.
2187 608 2372 670 Cuius

299 695 549 772 quidem
590 693 681 755 rei
723 711 911 769 quum
953 711 1205 754 causam
1241 710 1631 768 quaererem,
1680 691 1970 767 quidnam
2001 701 2199 766 essct,
2246 709 2371 765 cur,

297 779 358 838 in
388 796 641 855 quoquo
667 787 908 839 oratore
932 777 1259 853 plurimum
1280 787 1467 851 esset,
1497 776 1581 837 ita
1608 775 1872 836 maxime
1899 775 1956 837 is
1979 775 2372 852 pertimesce·

297 872 420 938 ret,
461 863 574 923 has
606 879 828 922 causas
860 860 1248 921 inveniebam
1278 862 1468 921 duas:
1507 877 1719 933 unam,
1768 861 1935 935 quod
1971 859 2374 935 intelligerent

297 947 368 1021 ii,
423 965 583 1022 quos
639 963 793 1007 usus
846 962 920 1005 ac
962 952 1176 1006 natura
1217 943 1565 1020 docuisset,
1620 961 2079 1018 nonnumquam
2120 943 2373 1004 summis

296 1030 645 1091 oratoribus
696 1046 822 1091 non
875 1029 1025 1090 satis
1068 1046 1148 1090 ex
1194 1027 1495 1089 sententia
1539 1038 1826 1089 eventum
1868 1026 2115 1088 dicendi
2157 1043 2364 1102 proce-

298 1116 475 1184 dere;
505 1113 589 1175 ita
609 1130 733 1174 non
758 1112 1007 1186 iniuria,
1040 1111 1595 1188 quotienscumque
1619 1111 1924 1186 dicerent,
1953 1111 2050 1189 id,
2081 1111 2250 1186 quod
2268 1109 2371 1170 ali-

299 1199 548 1273 quando
572 1207 790 1273 posset
812 1198 1110 1272 accidere,
1136 1213 1213 1256 ne
1240 1206 1365 1257 tum
1390 1196 1595 1270 ipsum
1619 1195 1942 1268 accideret,
1973 1194 2199 1255 timere.
2233 1193 2355 1255 124

301 1283 506 1344 Altera
536 1292 632 1343 est
657 1281 840 1352 haec,
875 1281 953 1340 de
984 1298 1106 1355 qua
1137 1279 1309 1356 queri
1341 1296 1532 1355 saepe
1563 1283 1768 1353 sole0,
1808 1280 1973 1354 quod
2000 1288 2373 1339 caeterarum

296 1364 575 1425 homines
607 1365 824 1426 artium
855 1363 1113 1439 spectati
1143 1373 1205 1424 et
1231 1364 1503 1439 probati,
1549 1364 1602 1423 si
1635 1364 1882 1438 quando
1913 1361 2146 1437 aliquid
2173 1363 2374 1422 minus

297 1449 454 1507 bene
487 1450 788 1521 fecerunt,
823 1465 1004 1523 quam
1036 1449 1266 1520 solent,
1311 1456 1417 1507 aut
1445 1445 1722 1508 noluisse
1753 1455 1859 1507 aut
1884 1445 2237 1507 valetudine
2268 1447 2369 1504 im—

297 1530 489 1607 pediti
542 1549 664 1592 non
718 1531 1000 1607 potuisse
1042 1530 1343 1605 consequi
1386 1530 1479 1605 id,
1531 1531 1699 1605 quod
1749 1530 2003 1601 scirent,
2061 1537 2347 1604 putantur

295 1616 526 1687 Noluit,
582 1614 894 1691 inquiunt,
950 1617 1125 1676 hodie
1180 1632 1363 1689 affere
1398 1614 1684 1686 Roscius;
1738 1622 1869 1674 aut:
1928 1614 2183 1674 Orudior
2219 1615 2375 1686 fuit.-

298 1697 560 1760 oratoris
584 1708 936 1775 peccatum,
971 1698 1023 1758 si
1050 1699 1220 1774 quod
1242 1706 1339 1759 est
1361 1697 1886 1769 animadversum,
1921 1695 2207 1758 stultitiae
2230 1714 2374 1771 pec-

297 1790 497 1842 catum
542 1783 802 1844 videtur.
869 1782 1011 1844 125.
1054 1780 1317 1843 Stultitia
1358 1790 1563 1842 autem
1608 1780 2065 1843 excusationem
2108 1797 2231 1840 non
2269 1780 2374 1839 ha-

294 1866 640 1940 bet3quare
655 1884 837 1928 nemo
859 1867 1129 1939 videtur,
1176 1875 1280 1926 aut
1324 1865 1468 1941 quia
1499 1867 1725 1926 crudus
1755 1864 1935 1926 fuerit
1964 1874 2069 1925 aut
2099 1865 2264 1939 quod
2297 1863 2374 1925 ita

303 1949 602 2024 maluerit,
647 1954 866 2014 stultus
915 1950 1128 2013 fuisse.
1188 1951 1320 2025 Quo
1366 1949 1547 2011 etiam
1592 1948 1839 2025 gravius
1874 1947 2167 2010 iudicium
2195 1947 2254 2008 in
2279 1947 2376 2008 di-

297 2037 494 2097 cendo
543 2036 837 2098 subimus.
919 2037 1212 2111 Quotiens
1258 2034 1419 2096 enim
1464 2034 1757 2108 dicimus,
1802 2033 2029 2094 totiens
2075 2034 2154 2092 de
2196 2030 2374 2093 nobis

296 2119 626 2193 iudicatur-3
659 2131 748 2192 et,
785 2120 891 2196 qui
921 2121 1112 2181 semel
1141 2120 1202 2179 in
1233 2128 1413 2193 gestu
1442 2117 1752 2193 peccavit,
1785 2133 1907 2177 non
1933 2118 2221 2178 continuo
2248 2114 2374 2177 exi-

297 2204 574 2265 stimatur
605 2203 846 2265 nescire
877 2211 1150 2278 gestum3
1182 2202 1359 2262 cuius
1388 2211 1587 2262 autem
1619 2201 1679 2261 in
1705 2202 1968 2263 dicendo
1997 2200 2145 2275 quid
2167 2216 2372 2276 repre·

296 2289 556 2348 hensum
596 2297 722 2360 est,
766 2294 871 2347 aut
911 2294 1160 2346 aeterna
1202 2285 1263 2345 in
1301 2303 1376 2346 eo
1409 2296 1514 2347 aut
1543 2294 1708 2346 certe
1737 2284 2020 2346 diuturna
2050 2287 2214 2345 valet
2243 2283 2373 2360 opi-

299 2372 396 2431 nio
426 2368 746 2432 tarditatis.
831 2370 1100 2429 XXVIII.
1160 2366 1300 2432 126.
1348 2370 1505 2431 Illud
1547 2386 1731 2443 ver0,
1780 2371 1950 2445 quod
1993 2386 2031 2428 a
2058 2377 2118 2429 te
2148 2368 2376 2430 dictum

295 2464 419 2527 est,
467 2470 610 2515 esse
644 2455 972 2530 permulta,
1015 2471 1176 2530 quae
1220 2462 1427 2515 orator
1462 2452 1581 2513 nisi
1610 2454 1866 2514 haberet
1895 2471 1930 2513 a
1963 2464 2201 2527 natura,
2253 2470 2374 2513 non

296 2539 547 2598 multum
587 2555 625 2598 a
667 2536 956 2613 magistro
1005 2539 1432 2612 adiuvaretur‚
1478 2539 1658 2598 valde
1703 2537 1809 2599 tibi
1844 2536 2161 2598 adsentior
2190 2537 2377 2612 inque

295 2638 370 2681 eo
423 2623 520 2681 vel
562 2621 826 2682 maxime
872 2622 1130 2698 probavi
1175 2640 1479 2684 summum
1517 2621 1687 2682 illum
1717 2622 2064 2696 doctorem,
2109 2621 2374 2681 Alaban-

295 2706 549 2765 densem
577 2705 1006 2782 Apollonium,
1039 2707 1144 2782 qui
1186 2724 1375 2783 quum
1398 2706 1685 2766 mercede
1710 2707 1992 2780 doceret,
2023 2715 2225 2767 tamen
2252 2720 2375 2765 non

296 2787 637 2865 patiebatur
682 2807 827 2865 eOS,
873 2809 1032 2866 quos
1069 2790 1379 2852 iudicabat
1406 2807 1529 2851 non
1559 2805 1749 2864 posse
1780 2798 2057 2850 oratores
2087 2789 2376 2862 evadere,

295 2890 547 2947 operam
577 2874 744 2949 apud
776 2891 919 2935 sese
950 2876 1240 2951 perdere,
1275 2872 1739 2948 dimittebatque
1768 2882 1829 2935 et
1851 2874 1929 2933 ad
1955 2890 2138 2948 quam
2163 2889 2374 2947 quem-

295 2974 417 3031 que
446 2965 637 3017 artem
673 2959 926 3033 putabat
957 2976 1100 3019 esse
1129 2967 1337 3033 aptum
1356 3003 1373 3032 ,
1404 2957 1483 3016 ad
1514 2974 1649 3018 eam
1680 2956 1993 3033 impellere
2020 2965 2208 3031 atque
2230 2957 2372 3015 hor·

292 3038 406 3100 tari
437 3041 693 3101 solebat.
755 3037 894 3102 127.
941 3041 1101 3103 Satis
1141 3051 1237 3103 est
1279 3042 1439 3103 enim
1481 3040 1542 3100 in
1579 3040 1839 3103 caeteris
1870 3039 2146 3102 artificiis
2175 3036 2371 3115 perci·

293 3123 536 3199 piendis
579 3127 997 3187 tantummodo
1044 3125 1301 3186 similem
1345 3142 1490 3186 esse
1527 3124 1792 3186 hominis
1823 3134 1885 3185 et
1913 3124 2006 3197 id,
2056 3124 2226 3199 quod
2253 3132 2370 3184 tra-

292 3208 471 3268 datur
510 3210 610 3269 vei
655 3207 834 3269 etiam
880 3210 1246 3283 inculcetur,
1294 3209 1345 3271 si
1394 3207 1501 3284 qui
1545 3210 1702 3270 forte
1746 3208 1826 3269 sit
1866 3208 2125 3280 tardior,
2182 3221 2375 3282 posse

293 3291 614 3367 percipere
657 3292 859 3354 animo
904 3300 964 3353 et
1006 3294 1299 3352 memoria
1344 3291 1675 3353 custodire.
1735 3293 1870 3353 Non
1903 3290 2215 3367 quaeritur
2243 3306 2372 3349 mo-

291 3374 489 3435 bilitas
530 3376 804 3452 linguae,
864 3392 986 3436 non
1032 3376 1315 3437 celeritas
1356 3377 1715 3449 verborum,
1773 3392 1895 3436 non
1953 3373 2222 3451 denique
2278 3389 2373 3443 ea,

291 3475 450 3531 quae
493 3459 672 3519 nobis
717 3477 839 3520 non
888 3476 1220 3531 possumus
1264 3460 1529 3530 fingere,
1589 3459 1812 3520 sacieS.
1872 3461 2109 3527 vultus,
2157 3473 2368 3518 sonus·
