2622 3908
275 242 355 305 ⁶2
1047 242 1148 302 DE
1193 241 1556 301 ORATORE

275 409 440 467 nere,
472 394 641 468 quod
664 391 878 453 merito
908 401 1160 469 propter
1181 409 1413 467 eorum,
1447 394 1550 468 qui
1581 393 1658 452 de
1687 392 1932 453 dicendi
1954 396 2189 454 ratione
2218 396 2333 456 dis-

273 485 592 553 putarunt,
633 475 1005 537 ieiunitatem
1046 476 1344 536 bonarum
1382 475 1598 536 artium
1627 478 1828 551 possit
1854 477 2042 538 illudi.
2102 475 2201 539 ll.
2241 477 2335 538 Ni-

274 561 355 620 hil
395 558 556 620 enim
599 559 740 620 mihi
788 558 1035 635 quidem
1081 558 1320 620 videtur
1361 558 1422 619 in
1456 558 1662 620 Crassi
1691 570 1751 620 et
1778 562 2025 622 Antonii
2059 577 2340 623 sermono

273 660 417 705 esse
459 642 877 718 praeteritum,
924 642 1091 719 quod
1135 643 1463 718 quisquam
1498 642 1751 703 summis
1786 643 2078 720 ingeniiS,
2119 645 2336 707 acerri-

274 725 386 787 mis
418 727 667 801 studiis,
712 726 941 801 optima
969 727 1276 800 doctrina,
1320 725 1585 787 maximo
1628 744 1748 787 usu
1779 728 2072 803 cognosci
2101 745 2175 789 ac
2203 745 2338 804 per-

272 810 393 885 cipi
424 809 707 885 potuisse
736 811 1154 883 arbitraretur,
1186 811 1356 885 quod
1385 818 1450 871 tu
1482 809 1764 871 facillime
1792 813 2024 886 poteris
2047 811 2339 887 iudicare,

273 894 376 970 qui
406 893 791 969 prudentiam
819 894 1240 968 rationemque
1269 893 1514 954 dicendi
1542 911 1657 968 per
1684 904 1743 955 te
1770 893 2000 970 ipsum,
2031 913 2212 957 usum
2232 913 2340 957 au-

272 987 390 1038 tem
433 994 546 1053 per
587 993 704 1037 nos
741 976 1062 1052 percipere
1106 976 1372 1038 voluisti.
1447 977 1570 1037 Sed
1611 994 1732 1053 quo
1765 977 1944 1040 citius
1974 979 2126 1055 hoc,
2171 980 2338 1055 quod

270 1062 663 1136 suscepimus
679 1107 693 1132 ‚
728 1077 851 1121 non
882 1061 1191 1122 mediocre
1213 1078 1438 1122 munus
1461 1061 1769 1122 conficere
1791 1062 2125 1137 possimus,
2155 1062 2338 1123 omis-

271 1162 342 1205 sa
383 1154 595 1205 nostra
637 1144 1062 1205 adhortatione
1091 1146 1173 1205 ad
1201 1161 1446 1218 eorum,
1495 1162 1654 1220 quos
1698 1148 2167 1221 proposuimus,
2211 1163 2337 1207 ser-

270 1245 512 1290 monem
541 1226 1143 1303 disputationemque
1173 1228 1510 1289 veniamus.

442 1311 539 1374 12.
581 1313 834 1373 Postero
880 1310 1059 1386 igitur
1102 1311 1230 1385 die,
1278 1330 1462 1388 quam
1491 1312 1593 1373 illa
1624 1325 1797 1373 erant
1824 1322 1988 1385 acta,
2032 1314 2185 1375 hora
2213 1314 2339 1374 sere

272 1397 570 1467 secunda,
629 1412 817 1470 quum
858 1396 1039 1457 etiam
1078 1404 1203 1457 tum
1245 1395 1305 1455 in
1352 1399 1509 1457 lecto
1555 1397 1815 1457 Crassus
1860 1406 2027 1459 esset
2072 1406 2134 1458 et
2173 1398 2336 1472 apud

270 1497 409 1541 eum
452 1477 763 1554 Sulpicius
808 1480 1083 1553 sederet,
1138 1480 1445 1547 Antonius
1502 1488 1704 1540 autem
1754 1479 2157 1542 inambularet
2201 1497 2340 1541 cum

268 1564 442 1625 Cotta
484 1566 545 1622 in
588 1563 856 1638 porticu,
901 1572 1155 1639 repente
1197 1579 1272 1624 co
1306 1565 1374 1639 Q.
1407 1565 1653 1624 Catulus
1697 1581 1893 1624 senex
1924 1581 2060 1625 cum
2093 1565 2155 1625 C.
2186 1563 2338 1626 lulio

270 1649 452 1707 tratre
495 1647 681 1707 venit.
749 1648 926 1721 Quod
967 1646 1073 1708 ubi
1100 1646 1361 1717 audivit,
1412 1656 1754 1709 commotus
1785 1648 2044 1709 Crassus
2076 1646 2339 1708 surrexit

268 1747 607 1806 omnesque
664 1729 940 1792 admirati
995 1730 1288 1792 maiorem
1331 1730 1599 1806 aliquam
1642 1747 1786 1793 esse
1830 1747 2081 1793 causam
2125 1747 2336 1792 eorum

267 1817 569 1876 adventus
601 1814 899 1890 suspicati
930 1824 1088 1876 sunt.
1151 1814 1247 1876 13.
1294 1814 1408 1890 Qui
1440 1832 1628 1891 quum
1658 1814 1812 1876 inter
1843 1833 1943 1888 se,
1972 1825 2038 1877 ut
2064 1816 2338 1892 ipsorum

267 1916 418 1962 usus
451 1898 711 1974 ferebat,
753 1898 1124 1961 amicissime
1153 1900 1676 1962 consalutassent=
1722 1897 1878 1974 Quid
1909 1916 2023 1961 vos
2051 1899 2338 1961 tandem?

267 1985 559 2059 CrassuS,
604 1983 1072 2060 numquidnam,
1106 1983 1331 2060 inquit,
1364 1985 1552 2044 novi?
1606 1985 1759 2044 Nihil
1793 2001 1974 2058 sane,
2003 1984 2199 2060 inquit
2229 1985 2331 2044 Ca-

269 2069 459 2129 tulus:
500 2068 722 2129 etenim
766 2067 942 2129 vides
986 2084 1129 2129 esse
1173 2069 1387 2138 ludos;
1435 2069 1549 2128 sed
1590 2101 1664 2111 —
1720 2070 1813 2126 vel
1851 2077 1914 2128 tu
1945 2086 2060 2128 nos
2089 2067 2336 2143 ineptos

271 2152 438 2226 ticet,
491 2151 720 2226 inquit,
773 2155 872 2211 vel
905 2152 1199 2218 molestos
1231 2160 1410 2227 putes
1437 2185 1549 2224 —,
1584 2168 1770 2226 quum
1802 2152 1880 2210 ad
1903 2153 2081 2212 mein
2105 2154 2332 2212 Tuscu-

269 2240 469 2298 lanum
527 2233 773 2310 [inquit]
819 2234 947 2294 heri
989 2233 1240 2308 vesperi
1280 2235 1558 2294 venisset
1601 2235 1826 2295 Caesar
1868 2236 1945 2295 de
1987 2236 2334 2296 Tusculano

267 2334 416 2389 suc,
457 2315 611 2380 dixit
646 2316 792 2377 mihi
836 2334 873 2377 a
917 2333 987 2378 se
1032 2316 1395 2379 Scaevolam
1436 2317 1578 2377 hinc
1621 2327 1862 2379 euntem
1895 2335 2039 2380 esse
2068 2334 2331 2379 conven-

269 2409 419 2472 tum,
462 2418 540 2461 ex
587 2416 708 2476 quo
752 2399 903 2462 mira
951 2401 1254 2475 quaedam
1297 2418 1366 2462 se
1405 2401 1658 2463 audisse
1703 2399 1974 2474 dicebat;
2020 2411 2107 2475 te,
2152 2417 2335 2478 quem

265 2501 380 2560 ego
427 2483 647 2546 totiens
692 2485 855 2544 omni
897 2483 1133 2546 ratione
1176 2494 1476 2560 temptans
1521 2487 1598 2546 ad
1642 2484 2077 2560 disputandum
2109 2485 2334 2546 elicere

265 2586 388 2629 non
442 2569 815 2643 potuissem,
866 2569 1295 2645 permultade
1336 2569 1686 2645 eloquentia
1728 2587 1866 2630 cum
1910 2568 2176 2630 Antonio
2210 2566 2332 2628 dis-

264 2651 539 2713 seruisse
568 2662 629 2713 et
656 2661 965 2729 tamquam
992 2651 1053 2713 in
1087 2653 1300 2714 schola
1330 2669 1526 2729 prope
1561 2655 1639 2713 ad
1669 2654 2042 2714 Graecorum
2072 2669 2332 2713 consue-

265 2735 534 2799 tudinem
563 2735 935 2812 disputasse.
1002 2734 1097 2796 14.
1128 2738 1216 2799 Ita
1244 2753 1343 2797 me
1369 2738 1554 2797 frater
1575 2736 1854 2797 exoravit
1877 2754 1953 2797 ne
1975 2737 2179 2812 ipsum
2200 2734 2329 2811 qui-

262 2823 403 2882 dem
449 2838 486 2880 a
532 2820 736 2881 studio
776 2820 1064 2881 audiendi
1108 2819 1288 2880 nimis
1333 2819 1756 2881 abhorrentem
1776 2866 1790 2886 ‚
1836 2822 1949 2880 sed
1986 2820 2333 2881 mehercule

266 2910 607 2976 verentem,
652 2921 728 2964 ne
771 2903 1009 2964 molesti
1053 2903 1233 2963 vobis
1275 2901 1811 2977 interveniremuS,
1855 2913 1921 2965 ut
1965 2903 2084 2964 huc
2121 2919 2331 2964 secum

266 2987 554 3047 venirem.
627 2986 861 3046 Etenim
908 2986 1271 3047 Scaevolam
1305 2986 1389 3046 ita
1416 2987 1623 3048 dicere
1653 2986 1881 3056 aiebat,
1927 2989 2151 3047 bonam
2194 3003 2330 3062 par-

265 3081 384 3133 tem
414 3067 713 3131 sermonis
743 3068 803 3130 in
836 3071 996 3130 hunc
1026 3071 1187 3131 diem
1217 3086 1362 3130 esse
1394 3069 1656 3131 dilatam.
1714 3072 1848 3131 Hoc
1878 3078 1942 3130 tu
1969 3070 2019 3129 si
2043 3069 2331 3146 cupidius

266 3156 490 3216 sactum
536 3153 883 3227 existimaS,
930 3153 1175 3214 Caesari
1205 3155 1530 3226 attribues3
1576 3155 1627 3216 si
1660 3153 2043 3226 familiarius,
2090 3152 2332 3228 utrique

266 3249 559 3300 nostrum.
624 3239 750 3299 Nos
791 3236 1067 3314 quidem,
1113 3237 1230 3298 nisi
1261 3240 1416 3298 forte
1445 3237 1684 3299 molesti
1712 3237 2181 3309 intervenimus,
2224 3254 2323 3297 ve·

265 3323 435 3383 nisse
465 3322 743 3383 delectat.
831 3323 934 3381 lv.
985 3318 1082 3382 15.
1119 3321 1274 3382 ⁴Tum
1305 3322 1595 3382 Crassus:
1637 3322 1967 3396 Equidem,
2001 3337 2323 3397 quaecum-

267 3421 387 3481 que
414 3422 531 3466 vos
561 3421 750 3465 causa
778 3405 897 3465 huc
926 3404 1257 3479 attulisset,
1300 3407 1586 3478 laetarer,
1621 3421 1808 3479 quum
1836 3406 2002 3480 apud
2033 3423 2131 3466 me
2163 3403 2321 3464 vide-

265 3505 393 3548 rem
442 3487 719 3548 homines
771 3486 913 3548 mihi
957 3487 1310 3549 carissimos
1353 3498 1412 3546 et
1452 3486 1892 3551 amicissimos:
1945 3488 2057 3549 sed
2106 3497 2326 3549 tamen.
