2622 3908
689 257 825 317 ΜΒ.
861 257 956 317 111.
1001 256 1167 317 GAP.
1198 265 1268 320 36
1285 290 1358 300 —
1375 266 1464 320 38.
1510 263 1563 322 s.
1593 267 1691 318 145
1705 289 1790 301 -
1806 264 1924 315 155.
2214 249 2334 315 179

267 426 393 488 que
420 409 759 471 illustribus
790 417 1022 481 utatur,
1064 408 1126 468 in
1160 409 1386 484 quibus
1417 411 1665 484 plenum
1699 407 1990 483 quiddam
2019 415 2081 467 et
2109 422 2343 467 sonans

265 498 479 555 inesse
522 492 819 557 videatur.
883 493 1009 553 Sed
1050 493 1110 553 in
1152 492 1275 554 hoc
1317 493 1645 554 verborum
1687 507 1918 567 genere
1949 487 2338 568 propriorum

278 575 554 634 delectus
591 582 689 633 est
720 575 1040 634 habendus
1072 577 1320 650 quidam
1344 586 1532 648 atque
1554 578 1607 635 is
1631 579 1868 636 aurium
1895 579 2163 650 quodam
2193 573 2343 637 iudi-

279 655 374 718 cio
400 658 841 732 ponderandus
867 666 991 729 est;
1024 660 1082 720 in
1108 655 1231 734 quo
1258 661 1646 720 consuetudo
1671 658 1850 720 etiarn
1878 660 2032 719 bene
2057 657 2346 736 loquendi
2399 659 2408 667 “

276 740 441 798 valet
471 738 811 813 plurimum.
874 738 1013 799 151.
1055 739 1268 812 Itaque
1299 739 1451 813 hoc,
1482 743 1649 815 quod
1680 742 1864 816 vulgo
1897 740 1976 800 de
1999 744 2345 804 oratoribus

276 824 354 883 ab
386 819 683 896 imperitis
718 820 839 880 dici
870 825 1053 882 solet:
1098 820 1339 882 Bonis
1370 821 1491 883 hic
1522 822 1818 899 verbiS,
1851 832 1984 884 aut=
2030 825 2342 900 Aliquis

278 923 422 967 non
469 903 698 966 bonis
727 903 1006 978 utitur,
1041 922 1162 966 non
1197 913 1326 965 arte
1353 905 1561 982 aliqua
1587 907 2018 982 perpenditur,
2050 909 2162 968 sed
2195 926 2340 984 quo-

252 991 416 1050 'dam
449 985 627 1064 quasi
655 987 912 1049 naturali
942 1006 1130 1049 sensu
1160 988 1492 1050 iudicatum
1537 991 1597 1051 in
1644 1008 1766 1067 quo
1805 1009 1925 1053 non
1958 1008 2177 1067 magna
2208 995 2344 1053 laus

275 1082 371 1134 est
395 1072 586 1132 vitare
609 1071 821 1133 vitium
849 1107 921 1115 —
951 1089 1325 1148 quamquam
1347 1083 1444 1134 est
1465 1077 1751 1150 magnum
1773 1106 1875 1150 —-,
1909 1093 2120 1137 verum
2145 1086 2340 1136 tamen

274 1156 394 1217 hoc
440 1155 619 1231 quasi
662 1158 864 1217 solum
907 1158 1216 1231 quoddam
1246 1167 1433 1232 atque
1464 1159 1922 1220 fundamentum
1952 1169 2072 1231 est,
2123 1160 2341 1220 verbo-

274 1257 408 1302 rum
451 1257 603 1300 usus
647 1250 707 1301 et
750 1241 933 1315 copia
974 1241 1292 1301 bonorum.
1372 1239 1509 1305 152.
1557 1243 1682 1303 Sed
1714 1242 1862 1317 quid
1891 1242 2029 1318 ipse
2060 1243 2344 1304 aedificet

274 1335 480 1386 orator
507 1332 570 1384 et
597 1323 657 1383 in
689 1340 813 1399 quo
846 1322 1139 1399 adiungat
1165 1334 1388 1400 artem,
1434 1325 1496 1385 id
1537 1343 1679 1387 esse
1712 1326 1892 1388 nobis
1924 1328 2339 1402 quaerendum

272 1417 459 1483 atque
490 1407 922 1482 explicandum
951 1407 1211 1470 videtur.

440 1492 764 1551 XXXVIII.
809 1491 945 1550 Tria
976 1500 1119 1552 sunt
1148 1491 1329 1567 igitur
1357 1492 1418 1553 in
1448 1494 1639 1555 verbo
1675 1495 1956 1575 simplici,
2014 1511 2174 1571 quae
2207 1512 2341 1557 ora-

275 1593 369 1638 tor
412 1575 648 1636 adserat
691 1577 770 1635 ad
813 1574 1235 1636 illustrandam
1276 1586 1463 1654 atque
1506 1581 1926 1640 exornandam
1970 1578 2341 1642 orationem:

270 1670 376 1722 aut
405 1658 757 1720 inusitatum
785 1660 1042 1720 verbum
1071 1668 1174 1731 aut
1197 1672 1487 1723 novatum
1508 1670 1613 1723 aut
1635 1665 2009 1725 translatum.
2073 1661 2214 1725 153.
2246 1665 2345 1723 In-

272 1744 494 1805 usitata
524 1752 665 1804 sunt
693 1741 901 1818 prisca
931 1745 1060 1804 rere
1089 1760 1163 1805 ac
1193 1754 1497 1806 vetustate
1525 1746 1603 1805 ab
1637 1765 1753 1806 usu
1787 1747 2075 1807 cotidiani
2108 1763 2338 1813 sermo·

270 1827 366 1888 nis
410 1826 529 1887 iam
573 1826 678 1888 diu
722 1825 1098 1899 intermissa,
1146 1844 1304 1903 quae
1350 1837 1492 1891 sunt
1532 1832 1852 1903 poetarum
1884 1828 2161 1889 licentiae
2193 1830 2332 1890 libe-

270 1910 436 1974 riora
466 1928 647 1987 quam
677 1920 956 1983 nostrae,
1006 1913 1115 1974 sed
1148 1920 1349 1972 tamen
1378 1928 1516 1973 raro
1548 1912 1730 1974 habet
1759 1912 1937 1974 etiam
1969 1912 2026 1972 in
2063 1912 2335 1975 oratione

268 1995 578 2075 poeticum
608 1996 859 2072 aliquod
893 1997 1143 2056 verbum
1181 1995 1552 2071 dignitatem.
1624 1999 1840 2073 Neque
1875 1998 2035 2057 enim
2066 1995 2214 2057 illud
2247 2000 2335 2058 fu—

268 2080 461 2156 gerim
503 2079 739 2152 dicere,
783 2089 850 2141 ut
879 2079 1149 2141 Caelius=
1196 2081 1353 2154 Qua
1401 2090 1875 2156 tempestate
1921 2082 2216 2142 Poenus
2262 2082 2333 2142 in

265 2162 574 2225 ltaliam
615 2162 863 2235 venit,
909 2180 1022 2223 nec
1068 2165 1365 2239 prolem
1408 2174 1513 2225 aut
1560 2166 1909 2226 subolem
1953 2173 2057 2226 aut
2099 2167 2333 2225 effari

267 2256 373 2308 aut
418 2263 867 2324 nuncupare
899 2257 1034 2324 aut,
1068 2258 1135 2309 ut
1180 2258 1243 2310 tu
1289 2250 1486 2321 soleS‚
1522 2249 1762 2323 Catule,
1794 2267 1937 2312 non
1979 2250 2205 2310 rebar
2234 2266 2341 2315 aut

267 2348 305 2392 o
321 2329 684 2406 pinabar;
705 2338 812 2392 aut
834 2330 954 2392 alia
988 2335 1203 2407 multa,
1251 2333 1475 2408 quibus
1511 2336 1650 2394 loco
1683 2333 1902 2409 positis
1931 2333 2222 2409 grandior
2250 2343 2334 2395 at·

265 2431 392 2491 que
432 2413 742 2490 antiquior
783 2418 977 2477 oratio
1022 2433 1211 2492 saepe
1243 2417 1436 2477 videri
1468 2419 1643 2482 solet.
1705 2416 1845 2479 154.
1889 2420 2202 2479 Novantur
2230 2437 2334 2479 au·

267 2508 386 2560 tem
427 2499 640 2571 verba,
688 2516 849 2575 quae
888 2501 964 2559 ab
996 2517 1102 2573 eo,
1151 2499 1254 2574 qui
1296 2500 1471 2574 dicit,
1521 2500 1659 2577 ipso
1705 2502 2035 2577 gignuntur
2063 2520 2137 2564 ac
2168 2503 2337 2575 fiunt,

265 2583 363 2640 vel
396 2581 843 2658 coniungendis
872 2583 1112 2655 verbiS‚
1142 2593 1207 2644 ut
1237 2585 1421 2643 haece

359 2666 505 2726 Tum
524 2684 720 2742 pavor
745 2671 1348 2746 sapientiamomnem
1382 2671 1467 2727 mi
1490 2672 1831 2728 exanimato
1859 2680 2223 2745 expectorat.

349 2751 504 2809 Num
532 2767 650 2810 non
682 2763 767 2812 ms
793 2754 966 2812 huius
992 2768 1084 2811 me
1111 2754 1537 2826 versutiloquas
1565 2754 1825 2811 malitias
1853 2795 2002 2811 .....

260 2831 490 2894 videtis
525 2834 686 2894 enim
718 2845 779 2895 et
813 2834 1411 2910 versutiloquas
1457 2844 1519 2895 et
1558 2843 2027 2909 expectorat
2068 2852 2148 2896 ex
2191 2851 2335 2895 con·

260 2915 574 2978 iunctione
618 2919 777 2979 sacta
818 2935 960 2979 esse
1002 2920 1225 2992 verba,
1268 2935 1390 2979 non
1435 2926 1603 2989 nata;
1648 2920 1744 2978 vel
1791 2936 1981 2995 saepe
2025 2918 2160 2980 sine
2190 2935 2329 2979 con·

260 2998 574 3061 iunctione
605 3002 793 3062 verba
823 3011 1155 3072 novantur,
1190 3011 1253 3062 ut
1281 3006 1325 3079 †
1355 3001 1494 3062 ille
1531 3002 1834 3076 seniuS,
1869 3013 1963 3077 ut,
1999 3003 2073 3063 di
2115 3002 2331 3078 geni-

256 3086 499 3156 taleS,
560 3095 627 3146 ut
683 3085 1042 3145 bacarum
1103 3086 1469 3147 ubertate
1531 3085 2139 3148 incurvescere·
2194 3084 2334 3148 155.

254 3165 496 3228 Tertius
526 3167 628 3229 ille
658 3168 880 3228 modus
912 3169 1317 3229 transferendi
1342 3169 1514 3230 verbi
1538 3172 1655 3231 late
1679 3179 1872 3246 patet,
1909 3187 2092 3245 quem
2117 3186 2324 3230 neces·

257 3250 412 3312 sitas
453 3250 662 3327 genuit
688 3250 898 3328 inopia
929 3263 1142 3313 coacta
1172 3262 1232 3314 et
1265 3253 1597 3328 angustiiS‚
1642 3263 1786 3330 post
1817 3264 2019 3314 autem
2055 3254 2305 3315 iucundi

256 3344 352 3396 tas
396 3333 848 3410 delectatioque
894 3335 1239 3397 celebravit.
1309 3338 1460 3396 Nam
1505 3347 1570 3398 ut
1614 3337 1802 3398 vestis
1840 3337 2083 3411 frigoris
2124 3339 2320 3412 depel-

257 3418 422 3479 lendi
466 3436 655 3480 causa
698 3429 945 3495 reperta
988 3419 1217 3496 primo,
1265 3431 1408 3495 post
1439 3419 1715 3481 adhiberi
1746 3431 1969 3497 coepta
1999 3433 2094 3484 est
2124 3424 2203 3482 ad
2234 3438 2334 3483 οι»

256 3511 466 3562 natum
506 3500 684 3562 etiam
731 3502 1014 3576 corporis
1045 3513 1104 3564 et
1134 3502 1519 3579 dignitatem,
1569 3504 1659 3564 sic
1689 3504 1860 3565 verbi
1893 3506 2207 3566 translatio
2243 3523 2324 3566 m-

1807 3597 1868 3648 12
1889 3590 1916 3621 ‘¹
