2622 3908
701 240 846 298 ΜΒ.
889 241 933 298 1.
982 239 1147 299 CAP.
1197 249 1434 303 124-14.
1479 248 1531 308 s.
1563 248 1802 302 50—61.
2202 208 2281 302 :a

205 408 320 466 bus
366 422 505 482 ego,
531 415 599 466 ut
623 406 701 466 de
724 405 817 466 his
844 407 1029 466 rebus
1061 406 1345 466 omnibus
1378 408 1437 465 in
1468 406 1708 480 angulis
1740 407 2145 466 consumendi
2173 405 2277 467 otii

205 506 394 550 causa
432 489 772 559 disserant,
818 506 1004 565 quum
1052 506 1457 559 concesser0,
1495 489 1642 549 illud
1674 499 1874 550 tamen
1915 491 2145 549 oratori
2177 491 2276 550 tri-

205 573 387 634 buam
420 582 482 633 et
512 573 693 643 dab0,
725 581 794 633 ut
827 574 1058 644 eadem,
1095 574 1172 633 de
1199 573 1421 648 quibus
1452 572 1535 633 illi
1566 573 1732 633 tenui
1764 575 2032 649 quodam
2064 590 2278 633 exsan-

207 656 436 732 guique
461 673 752 716 sermone
783 656 1116 731 disputant,
1155 656 1253 716 hic
1285 673 1424 716 cum
1456 656 1621 716 omni
1650 656 2025 719 iucunditate
2062 668 2114 716 et
2149 674 2276 732 gra-

214 740 395 800 vitate
419 741 706 816 explicet.
750 743 919 800 Haec
951 757 1067 815 ego
1099 757 1238 800 cum
1270 740 1425 814 ipsis
1463 739 1851 816 philosophis
1892 747 2062 813 [tum]
2100 742 2283 801 Athe·

210 823 301 884 nis
326 824 728 884 disserebam.
761 825 1034 898 cogebat
1057 826 1217 884 enim
1241 841 1339 884 me
1354 825 1435 882 M.
1452 825 1779 884 Marcellus
1804 824 1901 884 hic
1925 833 2154 895 noster,
2181 824 2281 899 qui

212 923 374 967 nunc
403 907 621 967 aedilis
654 907 882 968 curulis
915 917 1027 977 est,
1056 917 1114 967 et
1144 909 1449 982 profecto,
1475 907 1592 967 nisi
1622 908 1804 968 ludos
1835 924 1998 968 nunc
2033 911 2278 979 faceret,

211 989 350 1050 huic
385 1000 600 1050 nostro
635 990 903 1051 sermoni
943 991 1300 1063 interesset3
1344 1008 1415 1051 ac
1443 991 1561 1050 iam
1593 1000 1719 1051 tum
1763 999 1895 1052 erat
1925 993 2281 1052 adolescen-

211 1077 375 1133 tulus
408 1073 504 1135 his
541 1074 760 1135 studiis
792 1073 1045 1134 mirifice
1078 1076 1342 1135 deditus.
1406 1074 1505 1135 58.
1560 1077 1685 1134 Iam
1728 1092 1879 1135 vero
1923 1076 2002 1136 de
2044 1074 2281 1150 legibus

208 1156 523 1228 iubendiS,
561 1158 640 1218 de
671 1159 864 1229 bello,
910 1159 988 1217 de
1030 1175 1214 1234 pace,
1248 1160 1327 1218 de
1356 1158 1575 1229 sociiS,
1622 1159 1699 1218 de
1729 1158 2169 1234 vectigalibuS‚
2204 1160 2283 1219 de

209 1239 338 1301 iure
381 1240 605 1300 civium
647 1241 988 1316 generatim
1029 1242 1090 1301 in
1136 1241 1387 1317 ordines
1430 1249 1794 1314 aetatesque
1836 1241 2150 1316 descripto
2196 1241 2281 1300 di-

207 1329 345 1390 cant
376 1325 472 1383 vel
506 1321 750 1391 Graeci,
787 1323 839 1384 si
864 1325 1110 1396 volunt,
1140 1325 1488 1399 Lycurgum
1509 1333 1613 1384 aut
1636 1324 1928 1384 Solonem
1958 1356 2046 1369 -—·
2072 1340 2282 1399 quam-

209 1424 390 1483 quam
436 1405 578 1466 illos
627 1405 873 1481 quidem
918 1423 1242 1467 censemus
1283 1406 1342 1467 in
1375 1424 1627 1468 numero
1658 1406 2074 1483 eloquentium
2103 1423 2284 1483 repo-

208 1491 447 1551 nendos
477 1523 547 1533 —-
578 1489 777 1550 scisse
802 1489 1039 1562 melius,
1057 1508 1241 1565 quam
1262 1489 1642 1569 Hyperidem
1666 1502 1770 1552 aut
1791 1493 2282 1565 Demosthenem,

208 1578 516 1652 perfectos
555 1573 675 1633 iam
719 1574 1001 1635 homines
1044 1575 1104 1634 in
1150 1574 1411 1636 dicendo
1449 1586 1510 1636 et
1545 1576 1918 1651 perpolitoS‚
1960 1578 2059 1637 vel
2092 1577 2283 1637 nostri

205 1657 624 1729 decemvirOS,
667 1657 771 1733 qui
815 1659 922 1718 XII
965 1658 1204 1719 tabulas
1251 1658 1776 1735 perscripserunt,
1824 1677 1984 1735 quos
2021 1677 2282 1721 necesse

205 1754 300 1804 est
329 1742 522 1803 fuisse
553 1744 919 1817 prudentes,
963 1750 1342 1818 anteponant
1386 1743 1447 1803 in
1487 1744 1607 1804 hoc
1635 1760 1861 1819 genere
1891 1753 1951 1805 et
1981 1744 2112 1804 Ser.
2145 1746 2282 1803 Gal-

208 1828 320 1888 bae
353 1837 413 1888 et
442 1843 662 1887 socero
690 1836 794 1887 tuo
820 1827 884 1886 C.
906 1825 1137 1900 Laelio,
1171 1844 1331 1902 quos
1356 1837 1597 1889 constat
1620 1827 1864 1888 dicendi
1888 1827 2083 1904 gloria
2105 1845 2281 1904 prae-

205 1910 455 1974 stitisse.
530 1909 630 1969 59.
685 1910 812 1970 Nec
865 1910 1023 1969 enim
1075 1913 1316 1987 negabo
1364 1929 1506 1973 esse
1550 1915 1849 1987 quasdam
1892 1926 2103 1991 partes
2139 1929 2279 1989 pro-

207 1996 372 2072 prias
404 2012 645 2065 eorum,
696 1996 799 2071 qui
839 1995 900 2055 in
945 1996 1041 2055 his
1089 1995 1542 2071 cognoscendis
1574 2005 1761 2070 atque
1793 1997 2123 2056 tractandis
2155 2005 2276 2056 stu-

203 2080 370 2141 dium
417 2098 594 2141 suum
637 2096 815 2139 omne
861 2088 1229 2155 posuerunt3
1289 2080 1403 2139 sed
1460 2089 1763 2140 oratorem
1808 2080 2054 2154 plenum
2098 2088 2283 2153 atque

208 2165 541 2237 perrectum
586 2180 728 2224 esse
772 2180 943 2236 eum,
991 2164 1094 2238 qui
1137 2165 1214 2225 de
1259 2164 1544 2225 omnibus
1577 2164 1764 2224 rebus
1797 2162 1997 2239 possit
2027 2163 2283 2238 copiose

207 2247 498 2323 varieque
543 2247 767 2308 dicere.
852 2249 1013 2308 XIV.
1068 2247 1305 2310 Etenim
1365 2265 1555 2323 saepe
1600 2247 1660 2307 in
1706 2247 1779 2308 iis
1824 2245 2066 2320 causiS,
2124 2264 2279 2323 quas

206 2349 419 2394 omnes
450 2330 731 2408 proprias
764 2348 910 2393 esse
939 2342 1250 2394 oratorum
1281 2334 1669 2404 confitentur,
1702 2341 1798 2393 est
1824 2330 2077 2407 aliquid,
2112 2333 2282 2407 quod

204 2434 329 2477 non
358 2433 440 2477 ex
467 2434 589 2476 usu
618 2415 882 2489 forensi,
927 2433 1111 2492 quem
1141 2420 1341 2478 solum
1372 2415 1717 2477 oratoribus
1750 2414 2119 2489 conceditis,
2168 2415 2278 2476 sed

200 2518 278 2562 ex
324 2501 685 2562 obscuriore
727 2502 935 2575 aliqua
977 2502 1232 2562 scientia
1277 2501 1358 2560 sit
1401 2500 1804 2574 promendum
1843 2508 2029 2574 atque
2062 2516 2276 2559 eruen-

198 2588 366 2647 dum.
424 2584 525 2646 60.
571 2586 808 2659 Quaero
857 2584 1016 2645 enim
1059 2602 1203 2645 num
1248 2585 1450 2660 possit
1480 2593 1584 2646 aut
1611 2594 1825 2646 contra
1852 2582 2279 2659 imperatorem

209 2679 305 2731 aut
338 2686 448 2745 pro
481 2668 852 2743 imperatore
882 2668 1003 2729 dici
1035 2667 1168 2730 sine
1196 2668 1285 2729 rei
1316 2668 1590 2729 militaris
1614 2686 1734 2729 usu
1756 2679 1861 2729 aut
1884 2685 2074 2743 saepe
2098 2669 2278 2727 etiam

200 2754 337 2813 sine
391 2750 710 2827 regionum
767 2752 1139 2814 terrestrium
1181 2761 1286 2813 aut
1327 2752 1759 2814 maritimarum
1800 2751 2083 2821 scientia3
2135 2768 2279 2811 num

198 2838 366 2913 apud
400 2839 697 2913 populum
728 2837 807 2897 de
836 2838 1076 2912 legibus
1106 2837 1391 2898 iubendis
1422 2846 1528 2897 aut
1553 2834 1868 2909 vetandiS,
1911 2852 2054 2895 num
2086 2832 2144 2893 in
2182 2851 2276 2895 se-

200 2930 347 2981 natu
378 2922 455 2980 de
486 2920 650 2981 omni
677 2919 767 2981 rei
800 2922 1082 2996 publicae
1112 2937 1339 2996 genere
1383 2919 1502 2981 dici
1536 2918 1669 2980 sine
1700 2936 1935 2980 summa
1962 2936 2165 2979 rerum
2196 2919 2280 2979 ci-

197 3004 410 3066 vilium
440 3003 789 3080 cognitione
820 3014 880 3066 et
909 3006 1259 3080 prudentia;
1306 3023 1450 3066 num
1495 3003 1810 3065 admoveri
1852 3002 2053 3080 possit
2084 3002 2280 3065 oratio

196 3089 279 3149 ad.
311 3105 536 3149 sensus
566 3087 906 3150 animorum
928 3099 1114 3164 atque
1135 3098 1335 3150 motus
1359 3090 1456 3149 vel
1481 3088 1949 3149 inflammandos
1977 3091 2072 3148 vel
2097 3086 2278 3147 etiam

196 3172 719 3247 exstinguendos,
765 3174 934 3248 quod
976 3191 1162 3234 unum
1192 3173 1250 3234 in
1284 3182 1528 3234 oratore
1561 3171 1937 3242 dominatur,
1982 3171 2115 3231 sine
2147 3167 2277 3228 dili-

194 3255 557 3330 gentissima
603 3257 1122 3333 pervestigatione
1166 3275 1375 3319 earum
1420 3256 1688 3318 omnium
1730 3256 2068 3324 rationum,
2119 3269 2280 3327 quae

196 3340 276 3400 de
324 3341 553 3401 naturis
598 3340 844 3401 humani
889 3341 1133 3417 generis
1177 3359 1249 3402 ac
1294 3341 1567 3403 moribus
1595 3359 1633 3400 a
1664 3338 2053 3415 philosophis
2085 3336 2278 3413 expli·

196 3434 434 3485 cantur.
491 3424 592 3487 61.
624 3429 829 3501 Atque
858 3426 1021 3485 haud
1053 3425 1183 3487 scio
1216 3444 1293 3486 an
1322 3425 1524 3486 minus
1554 3422 1733 3484 vobis
1767 3424 1884 3483 hoc
1916 3421 2032 3482 sim
2059 3429 2277 3495 proba·-

197 3519 406 3571 tui-usa
439 3509 725 3583 equidem
761 3526 880 3569 non
914 3509 1238 3583 dubitabo,
1270 3510 1440 3584 quod
1470 3506 1698 3575 sentio,
1733 3506 1959 3566 dicere.
2015 3504 2276 3575 Physica
