2622 3908
319 248 444 312 154
1091 248 1194 306 DE
1246 246 1611 308 ORATORE

315 401 487 463 sibus
517 409 579 461 et
605 398 984 475 temporibus
1015 407 1076 459 et
1102 415 1330 473 genere
1359 407 1419 460 et
1448 414 1700 460 numero
1733 413 2195 471 conservemuS,
2227 410 2291 458 ut
2311 414 2392 459 ne

315 484 466 561 quid
500 484 916 560 perturbatum
950 498 1024 542 ac
1068 482 1430 558 discrepans
1464 490 1570 543 aut
1614 488 2081 558 praeposterum
2116 479 2223 553 sit,
2274 480 2391 542 sed

314 568 493 629 etiam
526 567 732 643 lingua
761 576 822 628 et
852 567 1103 642 spiritus
1134 575 1196 627 et
1222 567 1398 627 vocis
1431 582 1623 627 sonus
1654 573 1752 626 est
1781 564 1918 639 ipse
1952 564 2385 626 moderandus.

316 651 412 713 41.
461 652 615 712 Nolo
648 649 908 725 exprimi
939 649 1169 711 litteras
1200 648 1506 725 putidius,
1555 650 1700 710 nolo
1732 648 2049 710 obscurari
2078 647 2388 723 negligen-

317 737 463 808 tius;
497 738 640 795 nolo
663 735 856 795 verba
876 732 1115 795 exiliter
1139 732 1484 793 exanimata
1505 732 1695 806 exire,
1725 733 1869 793 nolo
1892 731 2103 792 inflata
2127 739 2187 791 et
2210 729 2392 806 quasi

314 820 597 881 anhelata
631 817 899 894 gravius.
960 818 1111 876 Nam
1141 819 1218 877 de
1251 833 1411 878 voce
1441 818 1712 877 nondum
1743 833 1819 876 ea
1846 814 2020 891 dico,
2053 831 2213 891 quae
2248 824 2386 876 sunt

314 902 605 976 actionis,
638 903 751 962 sed
775 903 923 973 hoc,
956 901 1126 976 quod
1147 899 1292 959 mihi
1316 916 1452 960 cum
1479 915 1764 961 sermone
1790 901 1968 976 quasi
1993 898 2388 961 coniunctum

314 987 574 1049 videtur.
622 986 776 1046 Sunt
803 984 963 1045 enim
993 994 1162 1046 certa
1189 984 1369 1058 vitia,
1410 999 1569 1060 quae
1599 1001 1777 1044 nemo
1810 992 1906 1044 est
1935 982 2081 1059 quin
2113 983 2389 1059 effugere

316 1071 549 1146 cupiat:
576 1069 776 1131 mollis
799 1086 926 1130 vox
945 1077 1013 1130 ut
1032 1067 1347 1135 muliebris
1370 1077 1475 1129 aut
1498 1067 1675 1143 quasi
1694 1077 1867 1128 extra
1888 1067 2137 1128 modum
2151 1068 2394 1128 absona
2492 1074 2497 1081 ‘

314 1165 501 1230 atque
529 1154 818 1214 absurda.
883 1150 985 1213 42.
1031 1153 1142 1213 Est
1168 1161 1372 1214 autem
1402 1151 1640 1225 vitium,
1688 1152 1858 1227 quod
1888 1149 2163 1213 nonnulli
2192 1152 2271 1211 de
2302 1151 2389 1211 in·

314 1238 551 1300 dustria
585 1245 1036 1299 consectantur.
1102 1236 1358 1298 Rustica
1391 1253 1518 1297 vox
1553 1245 1614 1297 et
1644 1234 1906 1310 agrestis
1945 1236 2249 1311 quosdam
2286 1236 2390 1296 de-

315 1325 523 1394 lectat,
570 1339 695 1398 quo
741 1323 935 1395 magis
975 1320 1427 1396 antiquitatem,
1479 1319 1532 1380 si
1561 1318 1645 1381 ita
1676 1331 1885 1394 sonet,
1931 1336 2145 1381 eorum
2188 1335 2395 1380 sermo

313 1407 578 1468 retinere
599 1405 910 1476 videatur3
943 1412 1011 1465 ut
1034 1414 1204 1473 tuus,
1240 1404 1479 1477 Catule,
1511 1403 1776 1476 sodalis,
1800 1403 1866 1463 L.
1895 1404 2097 1478 Cotta,
2119 1403 2398 1478 gaudere

316 1490 460 1549 mihi
491 1488 733 1549 videtur
762 1488 1061 1562 gravitate
1090 1486 1335 1562 linguae
1366 1504 1650 1562 sonoque
1678 1486 1853 1548 vocis
1883 1487 2114 1562 agresti
2138 1494 2202 1548 et
2221 1485 2394 1561 illud,

315 1573 485 1649 quod
513 1570 809 1646 loquitur,
841 1571 1114 1647 priscum
1142 1572 1343 1630 visum
1372 1569 1443 1630 iri
1475 1580 1675 1647 putat,
1711 1570 1764 1631 si
1792 1572 1974 1647 plane
2006 1570 2186 1633 fuerit
2212 1569 2396 1631 rusti·

314 1673 552 1717 canum.
596 1655 697 1715 Me
719 1663 921 1716 autem
944 1664 1085 1717 tuus
1110 1671 1303 1715 sonus
1329 1664 1390 1715 et
1413 1654 1714 1716 subtilitas
1738 1655 1857 1716 ista
1879 1656 2158 1730 delectat,
2182 1653 2396 1716 omitto

316 1742 671 1813 verborum,
710 1756 1082 1816 quamquam
1112 1746 1209 1800 est
1236 1747 1452 1814 caput;
1496 1756 1709 1801 verum
1739 1737 1803 1798 id
1833 1740 2031 1800 adfert
2057 1738 2214 1800 ratio
2232 1785 2247 1812 ,
2284 1738 2396 1799 do—

314 1834 453 1887 cent
494 1822 758 1898 litterae,
806 1825 1128 1886 confirmat
1170 1824 1556 1885 consuetudo
1593 1831 1656 1884 et
1691 1822 1933 1897 legendi
1963 1831 2026 1884 et
2062 1822 2393 1898 loquendi3

316 1910 430 1971 sed
472 1910 629 1968 hanc
665 1907 805 1970 dico
851 1908 1246 1982 suavitatem,
1293 1925 1453 1984 quae
1483 1905 1608 1968 exit
1637 1923 1716 1967 ex
1760 1923 1897 1977 orez
1945 1924 2105 1984 quae
2142 1905 2393 1984 quidem

318 2003 381 2054 ut
408 1995 577 2069 apud
602 1994 874 2054 Graecos
904 1993 1278 2066 Atticorum,
1317 1993 1408 2052 sic
1438 1992 1497 2051 in
1528 1991 1742 2053 Latino
1776 2008 2061 2054 sermone
2088 1993 2276 2054 huius
2300 2001 2395 2054 est

319 2079 485 2138 urbis
516 2077 781 2138 maxime
813 2076 1084 2152 propria.
1126 2074 1228 2137 43.
1257 2075 1519 2137 Athenis
1542 2075 1662 2135 iam
1686 2075 1793 2136 diu
1815 2076 2094 2137 doctrina
2116 2076 2394 2151 ipsorum

317 2160 781 2222 Atheniensium
804 2161 1061 2232 interiit;
1088 2159 1463 2221 domicilium
1485 2168 1718 2221 tantum
1741 2160 1799 2219 in
1823 2159 1926 2220 illa
1948 2161 2100 2221 urbe
2120 2167 2399 2221 remanet

316 2243 685 2318 studiorum,
734 2244 958 2319 quibus
1003 2251 1223 2303 vacant
1276 2242 1478 2319 civeS,
1545 2242 1847 2319 peregrini
1903 2246 2179 2305 fruuntur
2229 2241 2397 2319 capti

320 2328 778 2402 quodammodo
811 2326 1056 2388 nomine
1084 2325 1255 2387 urbis
1288 2335 1350 2386 et
1379 2327 1769 2388 auctoritate:
1816 2337 2014 2389 tamen
2049 2326 2399 2391 eruditissi-

314 2427 448 2471 mos
481 2410 762 2471 homines
788 2410 1101 2471 Asiaticos
1132 2409 1336 2485 quivis
1358 2409 1757 2472 Atheniensis
1788 2410 2076 2473 indoctus
2109 2428 2233 2474 non
2260 2427 2400 2471 ver-

313 2493 441 2566 bis,
494 2495 609 2553 sed
647 2510 802 2555 sono
835 2494 1011 2554 vocis
1048 2510 1161 2554 nec
1204 2503 1325 2554 tam
1359 2496 1517 2555 bene
1553 2510 1738 2570 quam
1773 2497 2049 2557 suaviter
2077 2495 2400 2571 loquendo

315 2576 494 2637 facile
538 2576 871 2652 superabit.
942 2576 1145 2639 Nostri
1188 2578 1391 2639 minus
1424 2579 1671 2640 student
1704 2577 1917 2639 litteris
1956 2596 2141 2655 quam
2175 2577 2401 2639 Latini.

313 2662 540 2721 Tamen
565 2678 643 2721 ex
667 2659 823 2734 istis,
858 2679 1017 2737 quos
1040 2660 1269 2734 nostiS,
1303 2661 1556 2723 urbanis
1574 2708 1588 2735 ,
1619 2661 1679 2721 in
1707 2662 1928 2738 quibus
1956 2661 2269 2724 minimum
2300 2671 2404 2724 est

314 2744 665 2819 litterarum,
694 2761 874 2806 nemo
907 2754 1003 2806 est
1032 2744 1178 2822 quin
1208 2744 1708 2806 litteratissimum
1732 2754 2076 2821 togatorum
2100 2746 2399 2820 omnium,

316 2830 383 2904 Ω.
417 2829 732 2890 Valerium
764 2828 1095 2903 Soranum,
1133 2828 1379 2890 lenitate
1409 2828 1585 2890 vocis
1618 2837 1804 2906 atque
1832 2830 1982 2906 ipso
2007 2830 2134 2892 oris
2169 2846 2403 2906 pressu

313 2909 373 2973 et
418 2929 575 2973 sono
621 2911 800 2973 facile
847 2912 1068 2974 vincat.
1141 2913 1270 2972 XII.
1324 2911 1427 2973 44.
1476 2912 1674 2986 Quare
1720 2931 1910 2989 quum
1956 2914 2036 2974 sit
2081 2914 2400 2989 quaedam

313 3004 481 3056 certa
520 3012 644 3057 vox
683 2996 942 3057 Romani
985 2995 1231 3071 generis
1275 2996 1572 3072 urbisque
1614 2995 1898 3073 propria,
1966 2996 2025 3057 in
2072 3014 2199 3073 qua
2240 2997 2399 3058 nihil

311 3079 574 3152 offendi,
602 3078 747 3139 nihil
772 3078 1120 3154 displicere,
1144 3078 1290 3140 nihil
1315 3078 1714 3142 animadverti
1740 3081 1967 3156 possit,
1995 3080 2142 3142 nihil
2167 3097 2401 3142 sonare

313 3174 418 3224 aut
447 3165 613 3225 olere
641 3164 1059 3239 peregrinum,
1092 3163 1251 3224 hanc
1281 3181 1615 3240 sequamur
1635 3181 1840 3238 neque
1870 3165 2070 3226 solum
2099 3165 2400 3226 rusticam

314 3247 725 3323 asperitatem,
762 3248 876 3307 sed
905 3248 1086 3309 etiam
1115 3248 1499 3323 peregrinam
1528 3247 1916 3310 insolentiam
1946 3251 2157 3324 fugere
2186 3248 2400 3310 disca-

314 3348 470 3392 mus.
541 3329 642 3392 45.
695 3330 997 3406 Equidem
1047 3348 1233 3406 quum
1267 3332 1451 3394 audio
1489 3348 1733 3394 socrum
1771 3349 1967 3393 meam
2001 3332 2275 3393 Laeliam
2307 3365 2401 3378 --

316 3413 552 3474 facilius
586 3413 746 3474 enim
779 3414 1067 3475 mulieres
1097 3413 1510 3491 incorruptam
1539 3415 1961 3492 antiquitatem
1995 3424 2391 3489 conservant,

319 3495 487 3567 quod
521 3497 846 3557 multorum
881 3496 1186 3560 sermonis
1219 3507 1512 3574 expertes
1548 3514 1623 3559 ea
1655 3508 1864 3561 tenent
1899 3515 2178 3575 semper,
2226 3516 2397 3576 quae
