2622 3908
678 238 926 299 LIB.11.
973 237 1137 297 CAP.
1174 243 1434 299 17—19.
1481 242 1533 304 s.
1565 245 1829 300 72—80.
2216 236 2296 301 77

212 391 455 454 victore
485 398 814 464 certasset,
846 390 1144 450 Graecum
1174 386 1514 463 hominem,
1549 387 1652 464 qui
1683 406 2015 463 numquam
2034 389 2294 465 hostem,

212 491 552 551 numquam
594 482 798 535 castra
824 471 1116 545 vidisset,
1160 488 1493 547 numquam
1522 471 1789 547 denique
1818 472 2125 534 minimam
2155 491 2295 551 par-

217 570 341 622 tem
384 560 564 620 ullius
609 555 839 634 publici
882 555 1151 617 muneris
1189 554 1521 632 attigisset,
1565 567 1897 633 praecepta
1940 559 2018 618 de
2047 573 2115 618 re
2145 556 2296 617 mili-

216 642 333 705 tari
364 644 559 703 dare?
611 642 745 702 Hoc,
785 639 931 700 mihi
977 643 1181 701 facere
1211 657 1427 702 omnes
1457 639 1586 714 isti,
1633 639 1738 715 qui
1782 641 1861 701 de
1890 649 2020 702 arte
2052 639 2295 702 dicendi

219 723 637 802 praecipiunt,
682 722 994 796 videntur;
1047 726 1216 800 quod
1257 725 1419 785 enim
1446 722 1566 800 ipsi
1596 724 1833 799 experti
1862 741 1986 785 non
2019 733 2189 798 sunt,
2233 724 2294 785 id

218 812 448 871 docent
477 816 775 869 caeteros.
855 807 982 868 Sed
1017 808 1136 869 hoc
1166 807 1370 869 minus
1401 810 1664 870 fortasse
1694 816 1925 881 errant,
1973 810 2142 884 quod
2172 825 2294 869 non

223 902 311 966 te,
365 901 429 953 ut
468 889 898 964 Hannibalem,
953 891 1066 952 sed
1096 890 1340 969 ‘pueros
1389 899 1492 953 aut
1532 892 2032 954 adolescentulos
2070 893 2296 952 docere

219 984 540 1038 conantur.

392 1059 545 1119 XIX.
592 1057 690 1120 77.
739 1060 948 1134 Erras,
991 1059 1226 1131 Catule,
1272 1057 1469 1136 inquit
1494 1060 1819 1121 Antonius.
1877 1059 2026 1119 Nam
2058 1068 2299 1134 egomet

221 1142 285 1204 in
326 1145 550 1204 multos
591 1142 712 1203 iam
752 1141 1152 1203 Phormiones
1196 1140 1403 1207 incidi.
1482 1143 1629 1217 Quis
1684 1144 1847 1203 enim
1897 1151 1993 1203 est
2040 1142 2293 1204 istorum

224 1228 598 1287 Graecorum
631 1225 734 1301 qui
765 1242 1136 1301 quemquam
1166 1235 1444 1287 nostrum
1474 1225 1809 1302 quidquam
1838 1224 2175 1300 intelligere
2203 1242 2289 1285 ar·

223 1310 520 1371 bitretur?
573 1313 667 1370 Ac
696 1308 840 1370 mihi
872 1309 1119 1385 quidem
1149 1326 1271 1370 non
1301 1308 1385 1370 ita
1407 1309 1648 1371 molesti
1671 1320 1843 1383 sunt;
1879 1308 2056 1370 facile
2079 1324 2296 1371 omnes

223 1393 538 1471 perpetior
577 1403 638 1455 et
679 1395 940 1469 persero.
1011 1394 1157 1452 Nam
1200 1402 1305 1454 aut
1334 1392 1567 1469 aliquid
1596 1394 1908 1463 adferunt,
1953 1395 2121 1468 quod
2152 1390 2294 1453 mihi

226 1494 351 1538 non
381 1476 733 1553 displiceat,
765 1486 870 1538 aut
897 1475 1198 1549 efficiunt,
1231 1486 1297 1538 ut
1327 1494 1424 1538 me
1453 1494 1576 1539 non
1607 1476 1901 1538 didicisse
1922 1476 2123 1538 minus
2147 1494 2294 1554 poe-

228 1561 432 1623 niteat.
492 1560 734 1622 Dimitto
780 1571 981 1622 autem
1022 1577 1133 1622 eos
1173 1577 1296 1622 non
1328 1571 1448 1622 tam
1478 1561 1919 1623 contumeliose
1950 1579 2134 1637 quam
2162 1559 2297 1637 phi-

228 1644 557 1720 losophum
599 1643 765 1705 illum
807 1642 1136 1715 Hannibal,
1180 1653 1241 1706 et
1283 1662 1358 1706 eo
1404 1647 1666 1706 fortasse
1712 1648 1851 1720 plus
1886 1645 2084 1706 habeo
2117 1644 2297 1706 etiam

231 1731 468 1804 negotii.
553 1728 679 1788 Sed
718 1735 916 1788 tamen
947 1735 1043 1789 est
1071 1745 1281 1789 eorum
1311 1728 1621 1800 doctrina,
1667 1738 1959 1802 quantum
1998 1745 2111 1803 ego
2143 1727 2296 1789 iudi-

231 1828 372 1873 care
415 1828 701 1886 possum,
743 1811 1132 1886 perridicula.
1197 1808 1297 1873 78.
1343 1810 1632 1872 Dividunt
1670 1812 1831 1872 enim
1866 1820 2049 1873 totam
2078 1828 2206 1872 rem
2236 1809 2297 1869 in

231 1896 387 1959 'duas
418 1904 624 1971 partes
641 1941 657 1970 ‚
685 1893 747 1956 in
772 1911 998 1957 causae
1023 1894 1505 1956 controversiam
1530 1903 1590 1956 et
1611 1894 1672 1954 in
1700 1893 2099 1970 quaestionis.
2146 1894 2300 1954 Cau·

232 1997 363 2041 sam
408 1982 720 2055 appellant
759 1997 888 2040 rem
926 1980 1189 2055 positam
1220 1978 1279 2038 in
1310 1978 1759 2054 disceptatione
1786 1995 2033 2039 reorum
2062 1987 2123 2039 ct
2152 1994 2299 2039 con-

233 2063 559 2134 troversia;
607 2062 1030 2138 quaestionem
1072 2071 1274 2125 autem
1317 2078 1445 2121 rem
1481 2061 1742 2139 positam
1771 2061 1832 2122 in
1862 2060 2097 2121 infinita
2126 2060 2298 2121 dubi-

235 2146 480 2209 tatione.
538 2149 625 2207 De
667 2164 855 2207 causa
898 2154 1226 2222 praecepta
1269 2147 1445 2219 dant;
1490 2148 1568 2207 de
1610 2148 1798 2207 altera
1837 2153 2012 2221 parte
2055 2140 2298 2205 dicendi

233 2230 449 2292 mirum
478 2229 783 2298 silentium
806 2240 918 2292 est.
974 2229 1073 2292 79.
1106 2229 1340 2291 DeInde
1367 2229 1640 2307 quinque
1663 2229 1891 2291 faciunt
1914 2229 2089 2306 quasi
2111 2245 2298 2289 mem·

233 2316 344 2375 bra
373 2313 791 2389 eloquentiae,
823 2313 1098 2376 invenire
1123 2312 1271 2390 quid
1295 2313 1499 2389 dicas,
1532 2313 1777 2376 inventa
1797 2313 2162 2390 disponere,
2193 2314 2298 2374 de-

232 2398 376 2460 inde
407 2415 623 2459 ornare
650 2397 890 2470 verbiS,
937 2409 1079 2473 post
1114 2398 1443 2459 memoriae
1473 2400 1793 2473 mandare,
1839 2407 1964 2460 tum
1992 2400 2073 2459 ad
2102 2406 2299 2459 extre·

233 2499 397 2543 mum
426 2498 609 2555 agere
646 2499 719 2542 ac
751 2486 1174 2556 pronuntiare3
1223 2499 1354 2542 rem
1386 2499 1534 2542 sane
1565 2500 1688 2544 non
1710 2482 2109 2544 reconditam.
2151 2479 2299 2556 Quis

233 2564 396 2627 enim
427 2566 546 2625 hoc
576 2583 698 2625 non
731 2582 845 2626 sua
876 2575 1097 2641 sponte
1119 2564 1356 2639 viderit,
1388 2566 1688 2626 neminem
1713 2583 1904 2642 posse
1927 2565 2151 2639 dicere,
2183 2563 2300 2626 nisi

236 2659 295 2712 et
337 2647 483 2724 quid
527 2648 757 2710 diceret
786 2659 846 2710 et
876 2648 1097 2725 quibus
1129 2647 1333 2709 verbis
1364 2657 1425 2709 et
1455 2666 1577 2724 quo
1609 2649 1823 2710 ordine
1853 2648 2086 2711 diceret
2114 2649 2298 2709 habe-

233 2742 326 2794 ret
355 2741 415 2792 et
442 2749 518 2792 ea
546 2731 964 2793 meminisset?
1019 2735 1226 2808 Atque
1254 2732 1409 2792 haec
1439 2749 1555 2808 ego
1588 2749 1708 2792 non
1739 2732 2156 2807 reprehendo,
2188 2731 2299 2791 sed

234 2828 376 2877 ante
406 2818 623 2877 oculos
655 2815 858 2892 posita
886 2833 1030 2877 esse
1060 2815 1231 2888 dico,
1263 2824 1329 2877 ut
1357 2832 1464 2876 eas
1498 2815 1637 2878 item
1668 2823 1981 2890 quattuor,
2029 2813 2300 2890 quinque

237 2916 431 2962 sexve
462 2909 668 2975 partes
701 2901 796 2959 vel
826 2899 1006 2961 etiam
1039 2909 1305 2975 septem,
1340 2899 1627 2975 quoniam
1656 2898 1830 2961 aliter
1856 2899 1934 2960 ab
1966 2897 2102 2959 aliis
2134 2897 2299 2973 dige-

236 2991 479 3057 runtur,
509 2984 570 3044 in
597 3001 753 3059 quas
778 2991 874 3044 est
894 2985 971 3044 ab
994 2981 1090 3043 his
1117 2985 1313 3044 omnis
1338 2983 1532 3045 oratio
1559 2982 1899 3045 diStributa.
1955 2982 2057 3044 80.
2089 2983 2300 3045 Iubent

236 3065 400 3128 enim
429 3066 699 3128 exordiri
729 3066 839 3139 ita,
886 3076 952 3128 ut
979 3084 1149 3141 eum,
1194 3065 1298 3142 qui
1325 3067 1559 3139 audiat,
1605 3069 1973 3129 benevolum
2004 3066 2182 3128 nobis
2218 3069 2299 3126 sa·

238 3149 472 3213 ciamus
513 3162 575 3213 et
616 3150 878 3212 docilem
917 3160 978 3212 et
1016 3159 1338 3222 attentum;
1384 3152 1606 3212 deinde
1645 3169 1773 3213 rem
1811 3167 2056 3211 narrare
2086 3149 2199 3222 ita,
2240 3160 2304 3212 ut

237 3234 370 3295 veri
401 3234 613 3295 similis
645 3233 908 3294 narratio
941 3233 1047 3306 sit,
1079 3244 1145 3295 ut
1174 3245 1414 3310 aperta,
1447 3244 1513 3298 ut
1538 3234 1775 3306 brevis;
1813 3243 1954 3310 post
1983 3243 2184 3294 autem
2215 3232 2303 3294 di·

239 3317 451 3379 videre
480 3335 729 3379 causam
759 3327 863 3380 aut
890 3335 1269 3394 proponere;
1303 3328 1514 3380 nostra
1542 3319 1904 3379 confirmare
1933 3318 2305 3392 argumentis

238 3419 313 3463 ac
365 3399 735 3475 rationibus3
789 3401 1012 3463 deinde
1061 3402 1365 3464 contraria
1413 3404 1694 3462 refutare.
1768 3403 1917 3461 Tum
1960 3411 2162 3462 autem
2206 3401 2306 3462 alii

240 3484 703 3547 conclusionem
733 3485 1026 3548 orationis
1058 3495 1118 3548 et
1149 3485 1327 3562 quasi
1356 3484 1809 3562 perorationem
1840 3488 2175 3554 collocant;
2207 3485 2308 3545 alii
