2622 3908
313 248 433 311 114
515 312 521 316 .
1081 246 1185 306 DE
1233 245 1596 306 ORATORE

312 399 469 459 sitne
500 397 761 458 oratoris
783 395 972 457 risum
999 399 1154 457 velle
1177 414 1456 468 movere;
1492 406 1801 472 quartum,
1835 407 2169 472 quatenus;
2202 401 2378 473 quin-

310 490 464 553 tum,
511 496 670 555 quae
712 480 832 540 sint
873 496 1099 555 genera
1136 480 1394 541 ridiculi.
1467 482 1672 556 Atque
1713 478 1861 540 illud
1892 479 2178 556 primum,
2228 480 2381 557 quid

311 563 389 625 sit
415 563 552 638 ipse
574 564 756 635 risuS‚
787 581 910 638 quo
936 573 1115 640 pacto
1142 564 1491 636 concitetur,
1522 563 1749 636 ubisit,
1781 565 2092 640 quomodo
2118 563 2381 627 exsistat

311 656 496 722 atque
526 645 608 706 ita
635 656 890 722 repente
920 657 1227 722 erumpat,
1273 655 1337 708 ut
1380 664 1517 708 eum
1549 646 1869 722 cupientes
1901 656 2111 709 tenere
2146 664 2377 723 neque-

312 746 519 802 amuS‚
550 738 610 789 et
645 731 953 805 quomodo
985 732 1160 791 simul
1194 732 1412 803 latera,
1444 748 1549 801 oS‚
1589 748 1807 800 venaS‚
1855 732 2100 804 oculos,
2145 732 2379 792 vultum

312 820 604 888 occupet,
653 813 870 874 viderit
915 813 1316 875 Democritus.
1388 814 1599 890 Neque
1644 813 1804 874 enim
1840 814 1920 874 ad
1950 815 2113 874 hunc
2144 831 2378 875 sermo-

314 913 450 958 nem
482 896 600 956 hoc
631 896 921 972 pertinet,
954 905 1044 972 et,
1075 898 1127 957 si
1160 896 1516 972 pertineret,
1550 896 1790 958 nescire
1815 914 1912 957 me
1936 907 2136 958 tamen
2162 898 2221 957 id
2250 914 2377 957 non

315 981 601 1057 puderet,
649 981 819 1056 quod
846 996 924 1040 ne
948 979 1029 1039 illi
1062 979 1309 1053 quidem
1341 977 1460 1053 ipsi
1499 980 1753 1054 scirent,
1789 978 1893 1055 qui
1924 980 2378 1056 pollicerentur.

311 1063 454 1125 236.
500 1063 703 1124 Locus
732 1073 935 1123 autem
965 1073 1025 1125 et
1052 1062 1222 1139 regio
1256 1063 1434 1139 quasi
1463 1063 1701 1124 ridiculi
1729 1097 1813 1107 -—
1843 1080 1983 1123 nam
2010 1063 2074 1123 id
2102 1064 2381 1139 proxime

314 1144 626 1222 quaeritur
664 1178 750 1190 —-—
789 1146 1162 1223 turpitudine
1203 1156 1264 1208 et
1306 1146 1691 1208 deformitate
1722 1149 1986 1223 quadam
2017 1146 2380 1208 continetur.

250 1277 253 1281 .
316 1233 478 1291 Haec
509 1229 672 1290 enim
699 1231 971 1292 ridentur
997 1232 1094 1291 vel
1127 1232 1260 1291 sola
1290 1232 1387 1292 vel
1415 1229 1706 1303 maxime,
1750 1248 1909 1307 quae
1944 1239 2154 1292 notant
2181 1240 2241 1292 et
2271 1233 2382 1292 de·

315 1314 558 1389 signant
585 1313 1015 1390 turpitudinem
1046 1314 1313 1389 aliquam
1337 1331 1459 1376 non
1486 1313 1756 1389 turpiter.
1815 1315 1923 1374 Est
1944 1321 2172 1385 autem,
2204 1323 2270 1375 ut
2298 1314 2380 1374 ad

317 1398 463 1457 illud
501 1398 738 1458 tertium
783 1397 1053 1472 veniam,
1095 1407 1190 1458 est
1233 1399 1413 1474 plane
1444 1397 1703 1459 oratoris
1732 1414 1981 1458 movere
2012 1395 2233 1467 risum,
2277 1397 2379 1460 vel

317 1481 484 1554 quod
515 1479 655 1555 ipsa
682 1479 954 1541 hilaritas
984 1480 1474 1542 benevolentiam
1503 1480 1787 1542 conciliat
1814 1480 1900 1553 ei,
1934 1498 2047 1557 per
2071 1497 2250 1556 quem
2272 1497 2379 1541 ex-

317 1562 496 1623 citata
525 1571 650 1642 est,
692 1564 792 1622 vel
837 1565 1006 1637 quod
1046 1563 1420 1624 admirantur
1449 1581 1660 1624 omnes
1690 1580 1977 1638 acumen,
2021 1581 2144 1625 uno
2189 1581 2385 1639 saepe

317 1645 373 1707 in
402 1646 588 1706 verbo
613 1645 909 1721 positum,
940 1646 1202 1707 maxime
1224 1649 1686 1723 respondentiS,
1718 1664 2177 1722 nonnumquam
2199 1647 2383 1707 etiam

319 1728 711 1801 lacessentIS,
769 1733 867 1791 vel
915 1712 1083 1805 quod
1127 1731 1348 1807 frangit
1390 1731 1839 1804 adversarium,
1900 1731 2069 1806 quod
2112 1732 2386 1826 impedit,

319 1814 487 1889 quod
529 1814 756 1886 elevat,
808 1817 975 1890 quod
1008 1817 1302 1886 deterret,
1348 1816 1517 1892 quod
1558 1816 1808 1886 refutat,
1848 1816 1947 1874 vel
1981 1813 2191 1889 quod
2175 1830 2382 1888 ipsum

319 1905 624 1959 oratorem
668 1897 923 1973 politum
966 1914 1109 1960 esse
1152 1862 1460 1961 hom'inem
1489 1897 1826 1974 signifieat,
1862 1900 2030 1973 quod
2062 1896 2385 1968 eruditum,

320 1982 488 2057 quod
531 1983 860 2056 urbanum,
903 1983 1291 2059 maximeque
1337 1984 1505 2059 quod
1546 1982 1847 2044 tristitiam
1890 1998 1963 2042 ac
1996 1982 2384 2043 severitatem

319 2064 547 2140 mitigat
590 2075 650 2127 et
689 2069 924 2128 relaxat
966 2066 1345 2142 odiosasque
1386 2084 1488 2128 res
1531 2083 1751 2141 saepe,
1808 2082 1963 2142 quas
2008 2063 2387 2141 argumentis

320 2148 466 2210 dilui
510 2166 633 2210 non
678 2149 856 2209 facile
886 2160 1010 2223 est,
1053 2148 1190 2210 ioco
1232 2150 1486 2225 risuque
1522 2148 1821 2211 dissolvit.
1880 2147 2023 2211 237.
2069 2150 2387 2223 Quatenus

319 2240 520 2293 autem
567 2232 688 2292 sint
725 2231 985 2292 ridicula
1022 2233 1336 2293 tractanda
1364 2231 1588 2293 oratori
1619 2249 1915 2309 perquam
1946 2232 2265 2308 diligenter
2294 2232 2387 2291 vi-

320 2320 585 2380 dendum
632 2326 756 2392 est,
805 2321 972 2392 quod
1014 2319 1075 2379 in
1121 2328 1341 2395 quarto
1384 2322 1524 2380 loco
1569 2319 1905 2395 quaerendi
1948 2335 2389 2394 posueramus.

324 2404 465 2460 Nam
510 2419 624 2462 nec
665 2401 1330 2478 insignis-improbitas
1375 2412 1435 2464 et
1475 2408 1713 2464 scelere
1749 2404 1957 2464 iuncta
1996 2419 2111 2462 nec
2166 2419 2390 2463 rursus

321 2485 565 2544 miseria
615 2485 871 2560 insignis
923 2484 1148 2560 agitata
1199 2486 1459 2548 ridetur:
1523 2488 1912 2548 facinorosos
1962 2485 2194 2546 maiore
2240 2503 2392 2560 qua-

319 2569 459 2628 dam
489 2567 549 2627 vi
583 2585 765 2644 quam
796 2567 1035 2629 ridiculi
1063 2569 1371 2631 vulnerari
1399 2571 1640 2631 volunt:
1670 2571 1930 2631 miseros
1953 2567 2124 2629 illudi
2150 2568 2387 2639 nolunt,

320 2650 437 2711 nisi
468 2669 537 2712 se
566 2654 722 2713 forte
752 2652 994 2714 iactant.
1066 2653 1445 2715 Parcendum
1467 2661 1670 2714 autem
1712 2654 1972 2714 maxime
2022 2663 2119 2714 est
2149 2649 2390 2711 caritati

320 2734 665 2811 hominum,
694 2753 772 2797 ne
803 2745 1028 2797 temere
1055 2735 1117 2797 in
1147 2754 1260 2798 eos
1289 2736 1492 2808 dicas,
1524 2736 1629 2811 qui
1653 2735 2002 2812 diliguntur.
2057 2737 2205 2795 LIX.
2236 2732 2389 2795 238.

320 2820 485 2879 Haec
534 2819 715 2894 igitur
762 2820 1111 2881 adhibenda
1161 2829 1256 2881 est
1303 2819 1563 2895 primum
1613 2818 1673 2879 in
1715 2819 1980 2880 iocando
2008 2816 2392 2880 moderatio.

320 2903 532 2976 ltaque
564 2920 638 2962 ea
668 2902 949 2964 facillime
980 2905 1295 2976 luduntur,
1332 2919 1491 2977 quae
1520 2920 1721 2978 neque
1753 2902 1897 2964 odio
1927 2919 2149 2977 magno
2177 2917 2392 2973 neque

319 2983 737 3049 misericordia
760 2987 1023 3047 maxima
1049 2986 1234 3062 digna
1258 2996 1417 3047 sunt.
1450 2987 1850 3061 Quamobrem
1875 2984 2160 3046 materies
2184 2982 2394 3045 omnis

323 3067 712 3129 ridiculorum
753 3076 847 3128 est
887 3070 947 3129 in
999 3070 1071 3130 iis
1127 3072 1315 3144 vitiis,
1354 3087 1512 3145 quae
1542 3079 1684 3131 sunt
1712 3070 1772 3130 in
1796 3069 1919 3130 vita
1941 3067 2255 3130 hominum
2279 3083 2393 3127 ne-

323 3169 443 3229 que
473 3169 754 3214 carorum
784 3170 986 3229 neque
1015 3152 1509 3226 calamitosorum
1539 3170 1741 3229 neque
1769 3169 2009 3226 eorum,
2050 3154 2152 3228 qui
2185 3152 2266 3212 ob
2298 3151 2394 3209 fa-

323 3236 498 3298 cinus
540 3237 619 3297 ad
664 3235 1033 3313 supplicium
1061 3236 1340 3312 rapiendi
1377 3236 1688 3308 videntum
1733 3253 1932 3312 eaque
1967 3237 2128 3297 belle
2158 3233 2395 3309 agitata

321 3320 608 3381 ridentur.
667 3319 809 3381 239.
855 3321 964 3382 Est
1003 3319 1182 3382 etiam
1229 3319 1626 3382 deformitatis
1672 3332 1732 3382 et
1775 3320 2054 3396 corporis
2100 3317 2393 3379 vitiorum

321 3402 471 3463 satis
501 3404 661 3463 bella
690 3403 973 3465 materies
996 3405 1077 3464 ad
1100 3405 1455 3464 iocandum=
1487 3406 1599 3465 sed
1624 3404 1971 3478 quaerimus
1997 3401 2179 3472 idem,
2214 3401 2392 3476 quod

322 3483 380 3543 in
412 3485 672 3545 caeteris
695 3487 880 3546 rebus
906 3487 1168 3571 maxime
1195 3489 1613 3560 quaerendum
1637 3499 1747 3559 est,
1782 3499 2104 3564 quatenus.
2169 3486 2233 3545 ln
2258 3500 2394 3569 quo
