2622 3908
264 180 303 241 6
950 231 965 236 -
1048 179 1148 237 DE
1194 177 1557 238 ORATORE

267 328 580 390 doctrinae
627 330 952 404 quemdam
996 329 1272 391 ordinem
1315 332 1814 404 praeceptorum,
1871 330 1982 390 sed
2022 346 2127 402 ea,
2182 347 2340 405 quae

266 413 574 488 quondam
610 411 823 486 accepi
867 410 927 471 in
972 421 1318 473 nostrorum
1358 405 1670 473 hominum
1704 412 2340 488 eloquentissimorum

263 505 324 557 et
366 495 530 556 omni
575 494 866 570 dignitate
911 494 1253 570 principum
1281 493 1694 570 disputatione
1725 512 1868 556 esse
1897 503 2169 565 versata,
2219 513 2334 557 non

265 580 434 654 quod
464 580 565 638 illa
594 587 1012 652 contemnam,
1045 595 1204 653 quae
1236 577 1452 638 Graeci
1484 578 1727 638 dicendi
1755 578 2023 639 artifices
2044 588 2106 639 et
2128 580 2336 640 docto·

260 681 363 723 res
403 661 808 737 reliquerunt,
856 663 968 722 sed
1015 679 1202 737 quum
1235 661 1339 721 illa
1383 670 1630 737 pateant
1669 661 1728 721 in
1773 670 2186 738 promptuque
2222 662 2339 724 sint

263 746 546 807 omnibus
563 791 578 817 ,
611 760 814 820 neque
842 762 918 805 ea
940 743 1438 820 interpretatione
1461 762 1598 805 mea
1621 754 1726 806 aut
1748 745 2022 806 ornatius
2045 745 2341 821 explicari

264 838 366 891 aut
408 826 652 905 planius
695 827 954 904 exprimi
998 827 1270 904 possint,
1316 828 1491 888 dabis
1527 828 1685 889 hanc
1716 828 1988 902 veniam,
2029 828 2110 888 mi
2141 830 2341 905 frater,

262 921 330 974 ut
372 912 622 988 opinor,
668 918 735 973 ut
774 929 1020 988 eorum,
1061 911 1285 987 quibus
1330 929 1567 972 summa
1611 912 1857 973 dicendi
1885 914 2018 974 laus
2049 929 2085 970 a
2115 911 2340 973 nostris

262 996 611 1057 hominibus
644 1011 947 1056 concessa
977 1004 1101 1070 est,
1133 994 1553 1056 auctoritatem
1582 995 1833 1057 Graecis
1863 1006 2251 1072 anteponam.

429 1080 558 1139 Vll.
590 1078 691 1140 24.
726 1080 919 1152 Quum
941 1079 1124 1154 igitur
1146 1079 1569 1140 vehementius
1594 1078 1983 1141 inveheretur
2004 1079 2064 1139 in
2092 1097 2339 1140 causam

262 1162 605 1241 principum
647 1164 865 1223 consul
891 1162 1210 1239 Philippus
1242 1162 1546 1238 Drusique
1577 1163 1915 1224 tribunatus
1944 1181 2056 1239 pro
2090 1173 2341 1225 senatus

261 1247 619 1308 auctoritate
650 1255 978 1322 susceptus
1009 1246 1251 1321 infringi
1274 1245 1395 1306 iam
1420 1246 1842 1322 debilitarique
1868 1247 2191 1322 videretur,
2222 1246 2340 1307 dici

263 1329 407 1391 mihi
446 1329 692 1391 memini
737 1331 1017 1391 ludorum
1049 1332 1463 1391 Romanorum
1497 1329 1715 1391 diebus
1743 1332 1810 1390 L.
1842 1331 2129 1392 Crassum
2162 1347 2339 1406 quast

262 1413 588 1488 colligendi
633 1413 729 1474 sui
775 1430 965 1474 causa
1008 1431 1078 1475 se
1121 1413 1181 1473 in
1211 1415 1621 1474 Tusculanum
1663 1414 2031 1486 contulisse;
2092 1414 2341 1474 venisse

260 1499 510 1570 eodem,
547 1513 728 1558 socer
756 1496 890 1558 eius
923 1496 1028 1573 qui
1060 1499 1280 1570 suerat,
1317 1497 1384 1572 Q.
1413 1498 1653 1559 Mucius
1686 1497 2002 1559 dicebatur
2030 1507 2092 1558 et
2110 1498 2190 1557 M.
2216 1499 2337 1557 An-

260 1580 496 1653 toniuS‚
539 1580 723 1642 homo
768 1590 829 1642 et
870 1580 1264 1642 consiliorum
1307 1581 1370 1642 in
1404 1598 1473 1642 re
1502 1581 1749 1657 publica
1780 1583 1987 1643 socius
2018 1598 2078 1642 et
2107 1598 2340 1642 summa

261 1682 398 1726 cum
422 1666 647 1725 Crasso
673 1663 1075 1726 familiaritate
1100 1663 1484 1727 coniunctus.
1535 1663 1634 1726 25.
1667 1666 1955 1727 Exierant
1975 1676 2175 1727 autem
2203 1682 2337 1725 cum

262 1748 397 1824 ipso
445 1748 668 1809 Crasso
709 1749 1138 1809 adolescentes
1183 1758 1245 1809 et
1286 1750 1466 1809 Drusi
1506 1749 1769 1809 maxime
1808 1748 2133 1809 familiares
2178 1760 2239 1810 et
2279 1748 2338 1808 in

262 1833 483 1908 quibus
514 1847 796 1906 magnam
827 1842 951 1893 tum
982 1849 1156 1908 spem
1185 1831 1451 1893 maiores
1476 1843 1621 1894 natu
1644 1832 1952 1907 dignitatis
1978 1849 2129 1894 suae
2152 1833 2332 1893 collo-

260 1923 484 1990 carent,
518 1917 579 1976 C.
607 1916 794 1989 Cotta,
807 1914 910 1991 qui
931 1920 1103 1989 [tum]
1118 1915 1485 1979 tribunatum
1512 1916 1711 1994 plebis
1743 1917 2004 2013 petebat,
2036 1917 2175 1978 etP.
2204 1916 2338 1977 Sul-

260 1999 491 2076 piciuS,
537 2000 640 2076 qui
681 1999 976 2078 deinceps
1020 2018 1157 2062 eum
1195 2001 1612 2076 magistratum
1651 2001 1950 2077 petiturus
1995 2001 2338 2076 putabatur.

258 2082 360 2145 26.
405 2084 482 2144 Ηί
525 2083 720 2158 primo
767 2084 866 2145 die
908 2086 986 2145 de
1020 2085 1398 2160 temporibus
1430 2086 1631 2160 deque
1662 2085 1953 2146 universa
1980 2102 2047 2145 re
2076 2083 2338 2159 publica,

261 2185 442 2244 quam
474 2168 553 2227 ob
586 2184 838 2227 causam
868 2177 1192 2239 venerant,
1236 2169 1488 2229 multum
1517 2168 1675 2230 inter
1704 2187 1773 2230 se
1801 2186 2004 2244 usque
2034 2169 2112 2228 ad
2141 2176 2338 2228 extre-

256 2268 417 2312 mum
450 2260 691 2326 tempus
723 2249 846 2310 diei
877 2251 1162 2312 collocuti
1193 2260 1353 2312 sunt.
1412 2252 1542 2326 Quo
1576 2253 1821 2328 quidem
1849 2268 2133 2313 sermone
2156 2254 2339 2312 multa

258 2333 549 2395 divinitus
592 2350 629 2393 a
674 2333 864 2394 tribus
906 2332 1027 2395 illis
1070 2333 1500 2397 consularibus
1531 2336 1704 2398 Cotta
1738 2338 2055 2411 deplorata
2085 2344 2146 2396 et
2174 2352 2338 2395 com·

258 2427 589 2479 memorata
631 2419 943 2491 narrabat,
994 2427 1060 2479 ut
1102 2417 1249 2478 nihil
1288 2419 1607 2481 incidisset
1648 2430 1867 2496 postea
1910 2419 2137 2490 civitati
2181 2417 2338 2492 mali,

265 2503 427 2576 quod
470 2517 591 2561 non
637 2502 990 2576 impendere
1032 2501 1117 2562 illi
1158 2512 1498 2564 tantoante
1529 2503 1859 2575 vidissent;
1899 2501 2000 2564 27.
2031 2520 2106 2563 eo
2139 2512 2336 2564 autem

258 2584 422 2645 omni
444 2589 730 2645 sermone
755 2588 1058 2658 confect0,
1090 2596 1314 2647 tantam
1335 2587 1393 2647 in
1423 2588 1644 2647 Crasso
1670 2585 2100 2648 humanitatem
2126 2586 2337 2659 fuisse,

259 2679 347 2741 ut,
395 2686 582 2744 quum
614 2669 759 2729 lauti
789 2669 1254 2745 accubuissent,
1300 2667 1610 2744 tolleretur
1640 2670 1838 2731 omnis
1868 2670 1971 2730 illa
2000 2668 2336 2745 superioris

257 2751 494 2814 tristitia
539 2755 838 2815 sermon1s
872 2770 1073 2829 eaque
1108 2763 1279 2815 esset
1304 2753 1366 2814 in
1398 2754 1643 2815 homine
1673 2753 2016 2815 iucunditas
2048 2763 2108 2816 et
2136 2762 2337 2814 tantus

253 2840 315 2897 in
361 2836 622 2897 iocando
668 2838 877 2913 lepOS,
920 2856 986 2898 ut
1029 2837 1162 2899 dies
1207 2840 1364 2900 inter
1406 2855 1517 2900 eos
1556 2837 1760 2899 curiae
1791 2836 1983 2899 fuisse
2014 2836 2339 2909 videretur,

255 2919 604 2981 convivium
634 2920 980 2981 Tusculani.
1049 2920 1151 2982 28.
1192 2922 1445 2983 Postero
1478 2933 1680 2983 autem
1712 2921 1839 2993 die,
1884 2938 2072 2996 quum
2100 2920 2185 2981 illi
2213 2937 2339 2979 ma-

254 3004 418 3065 iores
451 3013 594 3064 natu
626 3004 775 3065 satis
809 3004 1158 3080 quiessent,
1201 3005 1261 3065 in
1297 3005 1769 3067 ambulationem
1800 3014 2045 3066 ventum
2076 3020 2219 3064 esse
2251 3003 2334 3064 di-

254 3089 462 3148 cebat=
491 3096 617 3148 tum
649 3087 1010 3148 Scaevolam
1042 3090 1286 3150 duobus
1320 3089 1534 3165 spatiis
1567 3089 1839 3150 tribusve
1870 3089 2047 3149 sactis
2071 3087 2337 3148 dixisses

254 3175 372 3231 Cur
402 3188 522 3231 non
553 3171 885 3245 imitamur,
932 3172 1180 3245 Crasse,
1215 3173 1530 3233 Socratem
1560 3170 1757 3246 illum,
1799 3172 1905 3248 qui
1936 3182 2032 3233 est
2057 3172 2119 3232 in
2148 3171 2334 3230 Phae-

254 3256 363 3314 dro
409 3255 724 3316 Platonis?
778 3257 927 3315 Nam
974 3273 1069 3316 me
1113 3256 1265 3315 haec
1314 3266 1414 3317 tua
1456 3258 1742 3331 platanus
1788 3254 2129 3325 admonuit,
2181 3271 2338 3329 quae

253 3355 375 3398 non
421 3337 621 3399 minus
651 3340 731 3399 ad
761 3340 1147 3415 opacandum
1175 3339 1337 3400 hunc
1369 3341 1571 3400 locum
1600 3339 1826 3414 patulis
1857 3348 1952 3399 est
1989 3338 2217 3399 diffusa
2245 3355 2342 3397 ra-

254 3420 387 3492 miS,
419 3439 600 3496 quam
627 3421 746 3495 illa,
782 3422 955 3484 cuius
978 3421 1252 3483 umb'ram
1276 3431 1525 3503 secutus
1548 3433 1644 3483 est
1668 3424 1976 3493 Socrates,
2009 3438 2171 3498 quae
2194 3421 2336 3480 mih.
