2622 3908
634 249 776 309 LIB.
811 249 911 309 111.
960 249 1124 310 CAP.
1155 259 1419 313 26—28.
1468 256 1519 317 s.
1555 260 1884 314 tofi—110.
2170 251 2288 314 169

209 400 294 463 illi
330 399 480 471 loci,
530 402 634 477 qui
661 417 1049 476 xquamquam
1083 400 1317 477 proprii
1354 418 1675 462 causarum
1710 412 1770 463 et
1803 401 2189 465 inhaerentes
2225 405 2282 464 in

209 502 420 548 earum
450 483 658 546 nervis
689 501 833 545 esse
864 485 1107 557 debent,
1141 492 1340 545 tamen
1372 486 1515 560 quia
1538 485 1616 545 de
1640 485 1930 547 universa
1950 504 2018 548 re
2045 488 2283 550 tractari

210 571 427 642 solent,
460 584 819 629 communes
848 585 886 628 a
915 569 1223 629 veteribus
1253 568 1543 629 nominati
1574 576 1744 641 sunt;
1782 586 2042 645 quorum
2068 573 2284 648 partim

207 654 436 714 habent
467 651 749 713 vitiorum
781 659 841 712 et
877 660 1271 728 peccatorum
1302 668 1507 712 acrem
1545 654 1870 727 quamdam
1902 670 2039 715 cum
2075 658 2282 732 ampli·

208 736 497 797 ficatione
525 734 971 797 incusationem
1001 745 1104 796 aut
1135 737 1477 809 querelam,
1521 746 1733 797 contra
1770 754 1953 812 quam
1984 737 2105 798 dici
2139 739 2282 799 nihil

208 822 368 881 solet
396 837 512 880 nec
542 828 779 896 potest,
809 827 875 879 ut
895 817 956 878 in
990 820 1507 895 depeculatorem,
1544 818 1605 878 in
1630 819 2025 897 proditorem,
2056 820 2116 880 in
2145 840 2272 897 par-

207 902 463 964 ricidam
481 929 499 974 3
532 903 757 979 quibus
773 901 859 963 uti
876 902 1250 964 confirmatis
1269 902 1625 964 criminibus
1641 912 1911 979 oportct;
1937 903 2111 966 aliter
2124 905 2281 966 enim

208 986 395 1049 ieiuni
428 996 572 1049 sunt
598 997 786 1062 atque
813 984 1063 1059 inanes3
1110 984 1250 1048 107.
1283 986 1385 1047 alii
1417 996 1619 1048 autem
1649 988 1875 1049 habent
1902 990 2278 1064 deprecatio-

209 1088 350 1132 nem
382 1079 487 1132 aut
517 1069 1002 1142 miserationem3
1051 1069 1152 1130 alii
1181 1087 1332 1131 vero
1363 1069 1664 1146 ancipites
1701 1072 2185 1149 disputationes,
2221 1072 2281 1133 in

209 1155 438 1231 quibus
462 1155 541 1214 de
564 1153 856 1216 universo
881 1169 1106 1229 genere
1121 1152 1182 1213 in
1198 1163 1518 1230 utramque
1534 1164 1770 1230 partem
1787 1152 2009 1216 disseri
2026 1157 2283 1231 copiose

208 1238 368 1300 licet.
416 1239 583 1313 Quae
605 1236 960 1299 exercitatio
991 1254 1151 1298 nunc
1182 1236 1434 1313 propria
1456 1239 1712 1298 duarum
1735 1238 2280 1315 philosophias-um,

207 1324 289 1384 de
325 1322 550 1398 quibus
585 1330 726 1383 ante
761 1319 919 1394 dixi,
967 1329 1241 1396 putatur3
1287 1322 1455 1396 apud
1489 1321 1777 1397 antiquos
1811 1332 1942 1384 erat
1971 1339 2213 1399 eorum,
2246 1342 2279 1383 a

210 1406 438 1482 quibus
470 1404 668 1466 omnis
693 1407 772 1466 de
799 1405 987 1466 rebus
1013 1402 1362 1465 forensibus
1384 1406 1627 1466 dicendi
1649 1404 1803 1466 ratio
1828 1417 1890 1467 et
1909 1405 2092 1482 copia
2115 1417 2278 1483 pete-

205 1491 405 1552 batur.
451 1492 538 1550 De
561 1488 784 1550 virtute
806 1487 986 1562 enim,
1018 1488 1096 1549 de
1118 1487 1347 1562 officio,
1369 1489 1449 1549 de
1471 1506 1671 1566 aequo
1696 1497 1757 1550 et
1780 1490 1962 1564 bono,
1986 1493 2064 1551 de
2088 1491 2277 1567 digni·

210 1583 361 1646 tate,
392 1572 678 1645 utilitate,
707 1572 959 1644 honore,
994 1571 1354 1648 ignominia,
1393 1573 1689 1648 praemio,
1721 1591 1924 1649 poena
1957 1574 2277 1637 similibus·

208 1675 334 1734 que
371 1660 448 1718 de
481 1658 668 1718 rebus
703 1655 763 1715 in
799 1665 1123 1732 utramque
1158 1665 1395 1731 partem
1431 1656 1675 1717 dicendi
1709 1657 1948 1719 animos
1978 1668 2038 1719 et
2070 1659 2190 1719 vim
2226 1669 2282 1723 et

206 1751 402 1803 artem
428 1740 655 1802 habere
677 1740 995 1801 debemus·
1054 1738 1197 1801 108.
1231 1740 1358 1800 Sed
1384 1740 1672 1814 quoniam
1692 1742 1772 1802 de
1795 1751 2006 1803 nostra
2029 1759 2278 1817 posses-

207 1824 386 1887 sione
417 1823 659 1899 depulsi
690 1822 749 1883 in
784 1841 978 1899 parvo
1009 1832 1070 1884 et
1097 1840 1172 1883 eo
1203 1822 1466 1898 litigioso
1498 1822 1816 1898 praediolo
1847 1824 2038 1884 relicti
2070 1843 2282 1886 sumus

205 1919 270 1973 et
300 1907 555 1970 aliorum
590 1908 829 1984 patroni
866 1917 1076 1969 nostra
1107 1915 1313 1968 tenere
1351 1905 1628 1983 tuerique
1665 1923 1786 1968 non
1824 1907 2164 1983 potuimuS,
2206 1910 2282 1970 ab

203 1994 308 2068 iis,
338 1995 509 2070 quod
538 1991 1029 2069 indignissimum
1059 2000 1183 2066 est,
1218 1991 1322 2066 qui
1351 1990 1413 2051 in
1442 2001 1718 2053 nostrum
1749 1991 2179 2067 patrimonium
2205 1992 2283 2053 ir-

204 2085 532 2153 ruperunt,
572 2077 739 2151 quod
770 2093 928 2151 opus
958 2084 1054 2136 est
1081 2074 1259 2136 nobis
1290 2084 1649 2137 mutuemur.

379 2162 648 2222 XXVIII.
722 2159 863 2221 109.
908 2159 1129 2221 Dicunt
1170 2157 1352 2235 igitur
1394 2176 1553 2219 nunc
1600 2156 1849 2235 quidem
1892 2158 2010 2234 illi,
2057 2158 2162 2234 qui
2206 2176 2284 2219 ex

206 2245 510 2323 particula
552 2261 745 2321 parva
787 2243 956 2304 urbis
997 2260 1070 2304 ac
1112 2242 1231 2304 loci
1271 2259 1493 2305 nomen
1537 2244 1764 2303 habent
1806 2251 1867 2303 et
1900 2241 2285 2319 Peripatetici

206 2328 565 2406 philosophi
599 2336 704 2389 aut
734 2325 1090 2388 Academici
1133 2325 1547 2403 nominantur,
1596 2326 1739 2386 olim
1783 2334 1987 2387 autem
2033 2336 2285 2402 propter

207 2413 497 2475 eximiam
526 2429 730 2473 rerum
759 2411 1159 2471 maximarum
1192 2410 1508 2472 scientiam
1538 2427 1575 2470 a
1605 2409 1856 2471 Graecis
1892 2410 2124 2486 politici
2154 2410 2283 2485 phi-

205 2495 461 2572 losophi
488 2494 780 2572 appellati
809 2496 1232 2555 universarum
1261 2511 1466 2556 rerum
1497 2493 1875 2570 publicarum
1906 2494 2151 2556 nomine
2176 2512 2284 2555 vo—

207 2582 523 2656 cabantur,
544 2596 785 2641 omnem
810 2577 1050 2640 civilem
1074 2576 1409 2638 orationem
1433 2575 1494 2637 in
1512 2577 1727 2637 horum
1750 2581 2038 2639 alterutro
2057 2595 2285 2654 genere

206 2663 478 2737 versari,
510 2672 614 2724 aut
642 2664 721 2723 de
749 2661 919 2723 finita
947 2661 1370 2722 controversia
1401 2659 1582 2722 certis
1616 2660 1992 2737 temporibus
2022 2678 2096 2721 ac
2125 2661 2282 2733 reis3

205 2748 328 2809 hoc
373 2748 588 2808 modo:
640 2748 958 2806 Placeatne
989 2765 1025 2804 a
1059 2742 1668 2820 Karthaginiensibus
1711 2743 1991 2821 captivos
2036 2754 2283 2805 nostros

210 2829 469 2893 redditis
495 2832 625 2892 suis
650 2829 1043 2905 recuperari?
1067 2838 1173 2889 aut
1192 2827 1425 2889 infinite
1440 2828 1518 2889 de
1540 2826 1832 2889 universo
1852 2844 2078 2904 genere
2093 2845 2279 2904 quae-

212 2914 435 2977 rentis:
483 2913 640 2989 Quid
681 2911 928 2975 omnino
972 2914 1051 2974 de
1094 2911 1340 2989 captivo
1372 2913 1762 2973 statuendum
1791 2929 1864 2973 ac
1898 2910 2282 2974 sentiendum

211 2998 329 3061 sit?
393 3000 599 3075 Atque
642 2999 857 3058 horum
900 2995 1185 3072 superius
1215 2996 1366 3057 illud
1394 3013 1590 3072 genus
1623 3013 1873 3058 causam
1903 3006 2008 3059 aut
2042 3006 2284 3057 contro-

211 3083 476 3144 versiam
517 3083 828 3158 appellant
868 3097 1130 3155 eamque
1173 3079 1394 3154 tribuS,
1441 3078 1543 3142 lite
1571 3090 1676 3141 aut
1710 3080 2149 3142 deliberatione
2183 3090 2286 3143 aut

214 3167 595 3238 laudatione,
639 3163 966 3225 definiunt=
1012 3165 1165 3224 haec
1197 3172 1402 3225 autem
1432 3164 1621 3226 altera
1654 3165 1931 3239 quaestio
1964 3162 2198 3224 infinita
2227 3172 2286 3224 et

214 3249 390 3326 quasi
419 3248 741 3326 proposita
771 3246 1138 3310 consultatio
1169 3245 1531 3309 nominatur.
1581 3247 1718 3310 110.
1751 3250 1957 3323 Atque
1986 3248 2283 3307 hactenus

213 3354 251 3418 †
292 3350 627 3421 loquantur
689 3385 961 3403 .......
1016 3341 1197 3401 etiam
1258 3341 1374 3399 hac
1425 3340 1483 3399 in
1547 3337 1919 3398 instituendo
1980 3336 2285 3398 divisione

216 3437 496 3503 utuntur,
540 3428 653 3488 sed
696 3427 806 3497 ita,
851 3443 972 3487 non
1015 3436 1082 3486 ut
1122 3425 1251 3484 iure
1293 3436 1400 3484 aut
1441 3421 1686 3492 iudicio,
1727 3421 1786 3480 vi
1818 3419 2085 3495 denique
2117 3438 2279 3483 recu·

219 3530 440 3584 perare
484 3511 773 3572 amissam
824 3510 1323 3582 possessionem.
1374 3508 1486 3567 sed
1534 3516 1600 3565 ut
1640 3521 1718 3565 ex
1756 3505 1888 3566 iure
1939 3505 2103 3567 civili
2158 3522 2277 3566 sur·
