2622 3908
689 256 833 315 LIB.
858 257 957 315 111.
1004 255 1169 323 QAP.
1198 262 1461 316 18—20.
1504 259 1556 321 S.
1579 263 1644 317 65
1662 261 1844 316 —74.
2178 254 2288 318 161

227 418 363 481 aut,
408 406 461 466 si
503 405 566 466 id
609 422 732 467 non
765 405 1007 482 possiS,
1054 415 1180 466 tum
1212 407 1574 479 ostendere,
1619 408 1788 482 quod
1819 406 1873 467 is
1906 404 2145 476 fecerit,
2194 404 2297 481 qui

228 489 642 562 insimuletur,
684 498 789 550 aut
831 498 998 550 recte
1041 490 1266 551 sactum
1307 500 1413 550 aut
1453 490 1702 551 alterius
1733 492 1916 566 culpa
1942 499 2047 550 aut
2079 487 2299 550 iniuria

228 585 334 635 aut
377 591 453 635 ex
497 575 633 648 lege
675 580 781 633 aut
821 590 945 634 non
987 582 1201 633 contra
1241 574 1439 648 legem
1477 581 1583 634 aut
1614 572 2023 650 imprudentia
2057 582 2160 634 aut
2195 590 2298 634 ne-

229 656 504 718 cessario
541 665 647 717 aut
674 673 797 717 non
828 674 904 717 eo
935 657 1180 717 nomine
1208 657 1665 732 usurpandum,
1696 674 1819 732 quo
1849 666 2173 731 arguatur,
2197 664 2299 719 aut

230 758 356 802 non
384 739 468 800 ita
499 739 628 814 agi,
671 749 739 801 ut
766 738 1045 800 debuerit
1072 757 1146 801 ac
1175 739 1443 812 licuerit3
1489 749 1580 816 et,
1622 739 1676 801 si
1712 739 1862 801 satis
1896 757 2040 800 esse
2071 739 2296 816 putatis

230 842 338 898 ea,
386 840 546 900 quae
589 822 692 884 isti
733 822 1069 897 scriptores
1109 826 1255 885 artis
1298 825 1554 898 docent,
1594 823 1864 899 discere,
1910 840 2069 898 quae
2109 824 2298 884 multo

229 919 431 969 tamen
463 906 767 979 ornatiuS,
816 923 998 982 quam
1027 908 1105 967 ab
1136 906 1255 968 illis
1286 907 1598 981 dicuntur,
1646 916 1707 969 ct
1746 905 1996 969 uberius
2027 905 2297 982 explica-

229 991 317 1052 vit
342 989 679 1061 Antonius;
711 992 853 1062 sed,
888 989 941 1050 si
972 989 1070 1050 his
1102 990 1372 1052 contenti
1400 990 1551 1052 estis
1581 999 1766 1067 atque
1794 990 1871 1052 iis
1894 989 2107 1063 etiam,
2141 1005 2298 1066 quae

233 1074 354 1135 dici
390 1072 674 1134 voluistis
716 1092 753 1133 a
795 1092 924 1145 mc,
969 1091 1048 1134 ex
1076 1073 1307 1150 ingenti
1343 1077 1609 1149 quodam
1640 1085 1944 1137 oratorem
1972 1073 2295 1135 immenso·

234 1175 355 1234 que
390 1175 611 1232 campo
639 1157 699 1217 in
730 1156 1021 1233 exiguum
1051 1175 1202 1219 sane
1230 1175 1452 1235 gyrum
1482 1157 1866 1234 compellitis.
1926 1154 2026 1219 71.
2064 1157 2169 1218 Sin
2193 1173 2296 1217 ve-

234 1251 423 1303 terem
465 1240 634 1301 illum
675 1241 967 1302 Periclem
1008 1251 1113 1302 aut
1138 1242 1302 1303 hunc
1334 1241 1548 1316 etiam,
1591 1243 1695 1318 qui
1737 1240 2090 1303 familiarior
2120 1241 2298 1302 nobis

231 1335 486 1402 propter
528 1323 894 1401 scriptorum
937 1324 1377 1387 multitudinem
1427 1335 1553 1401 cst,
1597 1326 2071 1387 Demosthenem
2120 1322 2293 1399 sequi

229 1409 414 1470 vultis
457 1418 519 1469 et
558 1410 610 1469 si
650 1408 812 1469 illam
861 1410 1238 1484 praeclaram
1281 1419 1359 1479 et,
1387 1408 1673 1470 eximiam
1721 1408 1993 1486 speciem
2036 1407 2298 1470 oratoris

231 1492 489 1569 perfecti
519 1503 582 1553 et
613 1493 1086 1568 pulcritudinem
1116 1493 1482 1566 adamastiS,
1527 1500 1631 1554 aut
1663 1491 1844 1554 vobis
1884 1493 2040 1554 haec
2077 1492 2295 1553 Carne-

229 1578 370 1637 adia
404 1586 510 1636 aut
537 1574 640 1635 illa
668 1575 1023 1637 Aristotelia
1059 1575 1155 1638 vis
1192 1578 1772 1653 comprehendenda
1799 1586 1912 1640 est.
1977 1574 2076 1640 72.
2120 1578 2297 1637 Nam·

230 1677 382 1736 que,
428 1670 494 1721 ut
537 1669 678 1721 ante
721 1659 878 1735 dixi,
921 1669 1165 1737 veteres
1207 1660 1291 1721 illi
1340 1678 1542 1737 usque
1582 1662 1663 1722 ad
1705 1661 2019 1722 Socratem
2057 1678 2296 1722 omnem

229 1743 499 1805 omnium
539 1759 772 1816 rerum,
821 1762 980 1819 quae
1022 1746 1102 1804 ad
1144 1761 1346 1804 mores
1390 1743 1734 1817 hominum,
1771 1761 1932 1819 quae
1972 1744 2051 1803 ad
2094 1742 2298 1815 vitam,

229 1845 393 1903 quae
435 1828 514 1887 ad
556 1826 868 1911 virtutem,
917 1845 1075 1903 quae
1117 1828 1198 1887 ad
1230 1845 1361 1888 rem
1390 1826 1699 1903 publicam
1734 1825 2150 1901 pertinebant,
2193 1841 2295 1886 co·

230 1910 566 1988 gnitionem
632 1921 693 1974 et
754 1910 1072 1974 scientiam
1142 1928 1280 1972 cum
1337 1908 1581 1971 dicendi
1641 1909 1880 1972 ratione
1934 1909 2295 1985 iungebant;

229 2004 451 2072 postea
490 1995 838 2069 dissociati,
883 2006 951 2057 ut
982 1995 1278 2072 exposui,
1325 2013 1362 2054 a
1392 1995 1673 2067 Socrate,
1693 1993 1903 2055 diserti
1937 2011 1975 2053 a
2006 1992 2298 2064 doctiS,et

229 2079 527 2154 deinceps
563 2096 600 2138 a
622 2079 954 2141 Socraticis
986 2078 1131 2141 item
1155 2078 1472 2153 omnibuS,
1506 2077 1861 2154 philosophi
1884 2076 2295 2152 eloquentiam

227 2164 680 2238 despexerunt,
729 2172 1007 2225 oratores
1052 2162 1446 2239 sapientiam3
1493 2179 1698 2238 neque
1729 2161 2066 2237 quidquam
2101 2178 2178 2222 ex
2214 2162 2293 2220 al-

229 2246 419 2308 terius
471 2256 646 2322 parte
687 2245 1044 2322 tetigerunt,
1086 2246 1207 2308 nisi
1256 2249 1427 2324 quod
1469 2245 1554 2308 illi
1600 2247 1677 2307 ab
1711 2245 1808 2307 his
1843 2255 1948 2307 aut
1980 2246 2057 2305 ab
2088 2244 2204 2304 illis
2236 2243 2293 2306 hi

227 2339 678 2402 mutuarentur;
709 2347 791 2391 ex
821 2349 943 2406 quo
973 2330 1327 2407 promiscue
1354 2330 1693 2404 haurirent,
1732 2329 1785 2391 si
1815 2345 2062 2391 manere
2089 2327 2147 2389 in
2175 2328 2290 2405 pri-

230 2415 395 2475 stina
428 2413 858 2476 communione
886 2414 1249 2476 voluissent.
1314 2414 1412 2478 73.
1459 2415 1581 2476 Sed
1608 2424 1673 2476 ut
1694 2414 2025 2491 pontifices
2055 2423 2295 2475 veteres

228 2507 485 2574 propter
518 2497 962 2559 sacrificiorum
991 2498 1437 2560 multitudinem
1465 2506 1590 2559 tres
1621 2498 1792 2561 viros
1822 2501 2122 2575 epulones
2152 2514 2297 2559 esse

226 2584 583 2653 voluerunt,
619 2599 805 2656 quum
835 2592 1047 2644 essent
1079 2581 1201 2659 ipsi
1228 2599 1267 2642 a
1288 2584 1512 2655 Numa,
1543 2591 1612 2642 ut
1639 2583 1820 2643 etiam
1842 2582 1992 2642 illud
2013 2582 2297 2643 ludorum

228 2666 481 2740 epulare
507 2663 878 2727 sacrificium
904 2668 1204 2739 facerent,
1235 2663 1520 2737 instituti,
1557 2664 1646 2724 sic
1672 2663 1971 2727 Socratici
1996 2681 2034 2724 a
2058 2682 2128 2725 se
2152 2682 2285 2725 cau·

226 2765 435 2809 sarum
480 2757 723 2809 actores
770 2759 833 2811 et
873 2767 912 2810 a
954 2748 1262 2811 communi
1294 2747 1725 2826 philosophiae
1766 2746 2011 2808 nomine
2045 2764 2289 2822 separa·

225 2842 479 2904 verunt,
524 2849 713 2907 quum
760 2842 1002 2894 veteres
1048 2832 1290 2894 dicendi
1334 2841 1394 2893 et
1437 2830 1812 2906 intelligendi
1843 2830 2159 2892 mirificam
2194 2847 2290 2891 so-

226 2914 511 2976 cietatem
546 2933 691 2976 esse
718 2917 1080 2979 voluissent.

394 3000 524 3060 XX.
569 2997 669 3061 74.
716 3000 884 3074 Quae
934 3018 1121 3077 quum
1171 3001 1256 3062 ita
1303 3000 1453 3077 sint,
1500 3002 1833 3077 paullulum
1881 2998 2168 3076 equidem
2216 2998 2295 3058 de

223 3100 321 3143 me
365 3083 750 3159 deprecabor
795 3094 856 3146 et
887 3095 1092 3161 petam
1121 3101 1160 3144 a
1191 3086 1400 3158 vobiS,
1434 3096 1500 3146 ut
1532 3103 1636 3158 ea,
1693 3085 1852 3162 qua'e
1886 3083 2118 3156 dicam,
2169 3097 2291 3140 non

221 3167 303 3227 de
343 3175 568 3229 memet
611 3165 786 3243 ipso,
830 3171 943 3229 sed
988 3170 1066 3229 de
1114 3179 1356 3230 oratore
1404 3168 1610 3230 dicere
1657 3167 1898 3244 putetis.
1964 3167 2095 3241 Ego
2132 3162 2291 3225 enim

222 3268 359 3311 sum
394 3251 481 3327 is,
536 3252 641 3327 qui
690 3271 878 3328 quum
920 3269 1157 3314 summo
1203 3251 1408 3313 studio
1459 3251 1648 3328 patris
1678 3252 1737 3313 in
1775 3249 2037 3327 pueritia
2068 3249 2291 3310 doctus

220 3351 427 3395 essem
462 3342 523 3395 et
556 3334 617 3394 in
664 3336 860 3397 sorum
891 3336 1121 3412 ingenii
1151 3345 1402 3409 tantum,
1438 3345 1730 3412 quantum
1752 3334 1889 3411 ipse
1915 3331 2132 3405 sentio,
2162 3348 2289 3392 non

218 3427 472 3491 tantum,
485 3431 780 3494 quantum
800 3421 982 3498 [ipse]
997 3418 1250 3481 forsitan
1282 3418 1462 3480 vobis
1484 3419 1716 3491 videar,
1755 3416 2133 3486 detulissem,
2164 3432 2288 3477 non

220 3502 459 3578 possim
495 3502 704 3563 dicere
738 3520 835 3565 me
867 3505 1050 3577 haec,
1090 3521 1250 3579 quae
1284 3520 1449 3564 nunc
1481 3504 1876 3579 complector,
1914 3499 2188 3578 perinde,
2224 3516 2293 3562 ut

311 3603 423 3646 cic.
460 3587 505 3645 1.
541 3595 591 3648 2.
681 3595 688 3600 ·
1817 3595 1874 3648 ll
