<?xml version="1.0" encoding="UTF-8"?>
<!DOCTYPE html PUBLIC "-//W3C//DTD XHTML 1.0 Transitional//EN"
    "http://www.w3.org/TR/xhtml1/DTD/xhtml1-transitional.dtd">
<html xmlns="http://www.w3.org/1999/xhtml" xml:lang="en" lang="en">
 <head>
  <title>
</title>
<meta http-equiv="Content-Type" content="text/html;charset=utf-8" />
  <meta name='ocr-system' content='tesseract 3.04.00' />
  <meta name='ocr-capabilities' content='ocr_page ocr_carea ocr_par ocr_line ocrx_word'/>
</head>
<body>
  <div class='ocr_page' id='page_1' title='image "./deoratorelibrit01cicegoog_0164.png"; bbox 0 0 2622 3908; ppageno 0'>
   <div class='ocr_carea' id='block_1_1' title="bbox 328 215 1623 284">
    <p class='ocr_par' dir='ltr' id='par_1_1' title="bbox 328 215 1623 284">
     <span class='ocr_line' id='line_1_1' title="bbox 328 215 1623 284; baseline -0.005 0"><span class='ocrx_word' id='word_1_1' title='bbox 328 219 447 284; x_wconf 79' lang='lat'>160</span> <span class='ocrx_word' id='word_1_2' title='bbox 1109 218 1212 279; x_wconf 82' lang='lat' dir='ltr'>DE</span> <span class='ocrx_word' id='word_1_3' title='bbox 1258 216 1467 278; x_wconf 88' lang='lat' dir='ltr'>ORAT</span> <span class='ocrx_word' id='word_1_4' title='bbox 1469 215 1623 278; x_wconf 87' lang='lat' dir='ltr'>ORE</span> 
     </span>
    </p>
   </div>
   <div class='ocr_carea' id='block_1_2' title="bbox 320 366 2396 529">
    <p class='ocr_par' dir='ltr' id='par_1_2' title="bbox 320 366 2396 529">
     <span class='ocr_line' id='line_1_2' title="bbox 320 366 2394 442; baseline -0.002 -8"><span class='ocrx_word' id='word_1_5' title='bbox 320 370 669 434; x_wconf 88' lang='lat' dir='ltr'>contionem</span> <span class='ocrx_word' id='word_1_6' title='bbox 682 380 785 434; x_wconf 90' lang='lat' dir='ltr'>aut</span> <span class='ocrx_word' id='word_1_7' title='bbox 801 380 1081 432; x_wconf 87' lang='lat' dir='ltr'>senatum</span> <span class='ocrx_word' id='word_1_8' title='bbox 1092 378 1197 431; x_wconf 92' lang='lat' dir='ltr'>aut</span> <span class='ocrx_word' id='word_1_9' title='bbox 1209 370 1400 430; x_wconf 90' lang='lat' dir='ltr'>ullum</span> <span class='ocrx_word' id='word_1_10' title='bbox 1413 378 1656 430; x_wconf 89' lang='lat' dir='ltr'>coetum</span> <span class='ocrx_word' id='word_1_11' title='bbox 1668 367 1981 430; x_wconf 86' lang='lat' dir='ltr'>hominum</span> <span class='ocrx_word' id='word_1_12' title='bbox 1994 366 2394 442; x_wconf 87' lang='lat' dir='ltr'>committere,</span> 
     </span>
     <span class='ocr_line' id='line_1_3' title="bbox 321 451 2396 529; baseline -0.003 -11"><span class='ocrx_word' id='word_1_13' title='bbox 321 456 420 518; x_wconf 92' lang='lat' dir='ltr'>cui</span> <span class='ocrx_word' id='word_1_14' title='bbox 448 469 626 515; x_wconf 91' lang='lat' dir='ltr'>nemo</span> <span class='ocrx_word' id='word_1_15' title='bbox 657 454 926 527; x_wconf 83' lang='lat' dir='ltr'>illorum,</span> <span class='ocrx_word' id='word_1_16' title='bbox 962 453 1066 529; x_wconf 82' lang='lat' dir='ltr'>qui</span> <span class='ocrx_word' id='word_1_17' title='bbox 1095 453 1329 528; x_wconf 80' lang='lat' dir='ltr'><strong>adsint,</strong></span> <span class='ocrx_word' id='word_1_18' title='bbox 1359 469 1569 526; x_wconf 91' lang='lat' dir='ltr'>sanus,</span> <span class='ocrx_word' id='word_1_19' title='bbox 1599 469 1781 513; x_wconf 91' lang='lat' dir='ltr'>nemo</span> <span class='ocrx_word' id='word_1_20' title='bbox 1812 451 1995 526; x_wconf 88' lang='lat' dir='ltr'>civis,</span> <span class='ocrx_word' id='word_1_21' title='bbox 2028 469 2211 514; x_wconf 89' lang='lat' dir='ltr'>nemo</span> <span class='ocrx_word' id='word_1_22' title='bbox 2242 451 2396 513; x_wconf 88' lang='lat' dir='ltr'>liber</span> 
     </span>
    </p>
   </div>
   <div class='ocr_carea' id='block_1_3' title="bbox 161 535 2398 636">
    <p class='ocr_par' dir='ltr' id='par_1_3' title="bbox 161 535 2398 636">
     <span class='ocr_line' id='line_1_4' title="bbox 161 535 2398 636; baseline -0.001 -35"><span class='ocrx_word' id='word_1_23' title='bbox 161 627 168 636; x_wconf 32' lang='lat'>¹</span> <span class='ocrx_word' id='word_1_24' title='bbox 270 586 273 592; x_wconf 16' lang='lat' dir='ltr'>A</span> <span class='ocrx_word' id='word_1_25' title='bbox 320 556 464 601; x_wconf 90' lang='lat' dir='ltr'>esse</span> <span class='ocrx_word' id='word_1_26' title='bbox 488 538 784 600; x_wconf 89' lang='lat' dir='ltr'>videatur.</span> <span class='ocrx_word' id='word_1_27' title='bbox 826 538 929 601; x_wconf 88' lang='grc'>66.</span> <span class='ocrx_word' id='word_1_28' title='bbox 950 537 1209 599; x_wconf 83' lang='lat' dir='ltr'><strong>Accedit</strong></span> <span class='ocrx_word' id='word_1_29' title='bbox 1231 537 1403 613; x_wconf 89' lang='lat' dir='ltr'>quod</span> <span class='ocrx_word' id='word_1_30' title='bbox 1428 535 1723 598; x_wconf 86' lang='lat' dir='ltr'>orationis</span> <span class='ocrx_word' id='word_1_31' title='bbox 1746 535 1929 597; x_wconf 89' lang='lat' dir='ltr'>etiam</span> <span class='ocrx_word' id='word_1_32' title='bbox 1949 550 2148 612; x_wconf 75' lang='lat' dir='ltr'>genus</span> <span class='ocrx_word' id='word_1_33' title='bbox 2166 535 2398 598; x_wconf 87' lang='lat' dir='ltr'>habent</span> 
     </span>
    </p>
   </div>
   <div class='ocr_carea' id='block_1_4' title="bbox 316 618 2402 3551">
    <p class='ocr_par' dir='ltr' id='par_1_4' title="bbox 316 618 2402 3551">
     <span class='ocr_line' id='line_1_5' title="bbox 323 618 2396 695; baseline -0.001 -12"><span class='ocrx_word' id='word_1_34' title='bbox 323 624 587 684; x_wconf 76' lang='lat' dir='ltr'>fortasse</span> <span class='ocrx_word' id='word_1_35' title='bbox 628 622 852 684; x_wconf 83' lang='lat' dir='ltr'><strong>subtile</strong></span> <span class='ocrx_word' id='word_1_36' title='bbox 887 631 947 683; x_wconf 90' lang='lat' dir='ltr'>et</span> <span class='ocrx_word' id='word_1_37' title='bbox 981 630 1145 683; x_wconf 90' lang='lat' dir='ltr'>certe</span> <span class='ocrx_word' id='word_1_38' title='bbox 1186 629 1464 691; x_wconf 90' lang='lat' dir='ltr'>acutum,</span> <span class='ocrx_word' id='word_1_39' title='bbox 1512 621 1656 695; x_wconf 90' lang='lat' dir='ltr'>sed,</span> <span class='ocrx_word' id='word_1_40' title='bbox 1696 630 1765 681; x_wconf 88' lang='lat' dir='ltr'>ut</span> <span class='ocrx_word' id='word_1_41' title='bbox 1797 619 1860 680; x_wconf 92' lang='lat' dir='ltr'>in</span> <span class='ocrx_word' id='word_1_42' title='bbox 1893 628 2167 695; x_wconf 90' lang='lat' dir='ltr'>oratore,</span> <span class='ocrx_word' id='word_1_43' title='bbox 2213 618 2396 695; x_wconf 82' lang='lat' dir='ltr'>exile,</span> 
     </span>
     <span class='ocr_line' id='line_1_6' title="bbox 320 701 2394 779; baseline -0.002 -11"><span class='ocrx_word' id='word_1_44' title='bbox 320 706 701 779; x_wconf 89' lang='lat' dir='ltr'>inusitatum,</span> <span class='ocrx_word' id='word_1_45' title='bbox 744 706 1084 767; x_wconf 84' lang='lat' dir='ltr'><strong>abhorrens</strong></span> <span class='ocrx_word' id='word_1_46' title='bbox 1127 705 1206 765; x_wconf 91' lang='lat' dir='ltr'>ab</span> <span class='ocrx_word' id='word_1_47' title='bbox 1247 705 1500 766; x_wconf 86' lang='lat' dir='ltr'>auribus</span> <span class='ocrx_word' id='word_1_48' title='bbox 1544 703 1740 779; x_wconf 83' lang='lat' dir='ltr'>vulgi,</span> <span class='ocrx_word' id='word_1_49' title='bbox 1784 705 2147 778; x_wconf 89' lang='lat' dir='ltr'>obscurum,</span> <span class='ocrx_word' id='word_1_50' title='bbox 2191 701 2394 778; x_wconf 81' lang='lat' dir='ltr'>inane,</span> 
     </span>
     <span class='ocr_line' id='line_1_7' title="bbox 319 787 2395 864; baseline -0.001 -13"><span class='ocrx_word' id='word_1_51' title='bbox 319 789 619 864; x_wconf 89' lang='lat' dir='ltr'>ieiunum,</span> <span class='ocrx_word' id='word_1_52' title='bbox 655 806 729 851; x_wconf 90' lang='lat' dir='ltr'>ac</span> <span class='ocrx_word' id='word_1_53' title='bbox 758 800 957 851; x_wconf 87' lang='lat' dir='ltr'>tamen</span> <span class='ocrx_word' id='word_1_54' title='bbox 989 788 1327 862; x_wconf 87' lang='lat' dir='ltr'>eiusmodi,</span> <span class='ocrx_word' id='word_1_55' title='bbox 1365 804 1490 864; x_wconf 91' lang='lat' dir='ltr'>quo</span> <span class='ocrx_word' id='word_1_56' title='bbox 1518 787 1606 849; x_wconf 90' lang='lat' dir='ltr'>uti</span> <span class='ocrx_word' id='word_1_57' title='bbox 1633 789 1715 848; x_wconf 90' lang='lat' dir='ltr'>ad</span> <span class='ocrx_word' id='word_1_58' title='bbox 1744 788 1966 863; x_wconf 78' lang='lat' dir='ltr'>vulgus</span> <span class='ocrx_word' id='word_1_59' title='bbox 1999 788 2169 851; x_wconf 91' lang='lat' dir='ltr'>nullo</span> <span class='ocrx_word' id='word_1_60' title='bbox 2204 789 2395 849; x_wconf 87' lang='lat' dir='ltr'>modo</span> 
     </span>
     <span class='ocr_line' id='line_1_8' title="bbox 320 871 2395 951; baseline -0.002 -14"><span class='ocrx_word' id='word_1_61' title='bbox 320 873 539 951; x_wconf 83' lang='lat' dir='ltr'><strong>possit.</strong></span> <span class='ocrx_word' id='word_1_62' title='bbox 588 873 728 934; x_wconf 84' lang='lat' dir='ltr'>Alia</span> <span class='ocrx_word' id='word_1_63' title='bbox 749 873 910 935; x_wconf 91' lang='lat' dir='ltr'>enim</span> <span class='ocrx_word' id='word_1_64' title='bbox 936 882 997 936; x_wconf 90' lang='lat' dir='ltr'>et</span> <span class='ocrx_word' id='word_1_65' title='bbox 1015 874 1182 934; x_wconf 90' lang='lat' dir='ltr'>bona</span> <span class='ocrx_word' id='word_1_66' title='bbox 1201 881 1261 933; x_wconf 91' lang='lat' dir='ltr'>et</span> <span class='ocrx_word' id='word_1_67' title='bbox 1287 873 1448 932; x_wconf 86' lang='lat' dir='ltr'>mala</span> <span class='ocrx_word' id='word_1_68' title='bbox 1479 871 1761 933; x_wconf 87' lang='lat' dir='ltr'>videntur</span> <span class='ocrx_word' id='word_1_69' title='bbox 1785 871 2012 933; x_wconf 77' lang='lat' dir='ltr'>Stoicis</span> <span class='ocrx_word' id='word_1_70' title='bbox 2041 880 2104 933; x_wconf 91' lang='lat' dir='ltr'>et</span> <span class='ocrx_word' id='word_1_71' title='bbox 2132 872 2395 933; x_wconf 87' lang='lat' dir='ltr'>cacteris</span> 
     </span>
     <span class='ocr_line' id='line_1_9' title="bbox 321 954 2397 1033; baseline -0.002 -13"><span class='ocrx_word' id='word_1_72' title='bbox 321 958 560 1020; x_wconf 87' lang='lat' dir='ltr'>civibus</span> <span class='ocrx_word' id='word_1_73' title='bbox 603 961 703 1018; x_wconf 90' lang='lat' dir='ltr'>vel</span> <span class='ocrx_word' id='word_1_74' title='bbox 744 957 951 1033; x_wconf 88' lang='lat' dir='ltr'>potius</span> <span class='ocrx_word' id='word_1_75' title='bbox 996 955 1314 1032; x_wconf 86' lang='lat' dir='ltr'>gentibus;</span> <span class='ocrx_word' id='word_1_76' title='bbox 1373 954 1493 1016; x_wconf 88' lang='lat' dir='ltr'>alia</span> <span class='ocrx_word' id='word_1_77' title='bbox 1532 957 1630 1016; x_wconf 90' lang='lat' dir='ltr'>vis</span> <span class='ocrx_word' id='word_1_78' title='bbox 1670 955 1957 1028; x_wconf 81' lang='lat' dir='ltr'>honoriS,</span> <span class='ocrx_word' id='word_1_79' title='bbox 2003 954 2397 1032; x_wconf 76' lang='lat' dir='ltr'>ignominiae,</span> 
     </span>
     <span class='ocr_line' id='line_1_10' title="bbox 325 1038 2397 1119; baseline -0.001 -18"><span class='ocrx_word' id='word_1_80' title='bbox 325 1041 608 1119; x_wconf 89' lang='lat' dir='ltr'>praemii,</span> <span class='ocrx_word' id='word_1_81' title='bbox 642 1039 959 1117; x_wconf 83' lang='lat' dir='ltr'>supplicii3</span> <span class='ocrx_word' id='word_1_82' title='bbox 1001 1058 1146 1101; x_wconf 92' lang='lat' dir='ltr'>vere</span> <span class='ocrx_word' id='word_1_83' title='bbox 1177 1057 1255 1100; x_wconf 91' lang='lat' dir='ltr'>an</span> <span class='ocrx_word' id='word_1_84' title='bbox 1290 1056 1475 1101; x_wconf 90' lang='lat' dir='ltr'>secus</span> <span class='ocrx_word' id='word_1_85' title='bbox 1512 1039 1660 1100; x_wconf 87' lang='lat' dir='ltr'>nihil</span> <span class='ocrx_word' id='word_1_86' title='bbox 1694 1040 1776 1101; x_wconf 92' lang='lat' dir='ltr'>ad</span> <span class='ocrx_word' id='word_1_87' title='bbox 1809 1040 1928 1102; x_wconf 93' lang='lat' dir='ltr'>hoc</span> <span class='ocrx_word' id='word_1_88' title='bbox 1961 1051 2236 1117; x_wconf 83' lang='lat' dir='ltr'>tempus;</span> <span class='ocrx_word' id='word_1_89' title='bbox 2280 1038 2397 1100; x_wconf 85' lang='lat' dir='ltr'>sed</span> 
     </span>
     <span class='ocr_line' id='line_1_11' title="bbox 323 1123 2389 1201; baseline -0.002 -13"><span class='ocrx_word' id='word_1_90' title='bbox 323 1144 399 1188; x_wconf 91' lang='lat' dir='ltr'>ea</span> <span class='ocrx_word' id='word_1_91' title='bbox 431 1126 483 1188; x_wconf 90' lang='lat' dir='ltr'>si</span> <span class='ocrx_word' id='word_1_92' title='bbox 513 1142 873 1201; x_wconf 88' lang='lat' dir='ltr'>sequamur,</span> <span class='ocrx_word' id='word_1_93' title='bbox 908 1127 1134 1186; x_wconf 89' lang='lat' dir='ltr'>nullam</span> <span class='ocrx_word' id='word_1_94' title='bbox 1156 1141 1448 1200; x_wconf 84' lang='lat' dir='ltr'>umquam</span> <span class='ocrx_word' id='word_1_95' title='bbox 1472 1141 1601 1186; x_wconf 88' lang='lat' dir='ltr'>rem</span> <span class='ocrx_word' id='word_1_96' title='bbox 1632 1123 1899 1185; x_wconf 88' lang='lat' dir='ltr'>dicendo</span> <span class='ocrx_word' id='word_1_97' title='bbox 1922 1123 2219 1200; x_wconf 88' lang='lat' dir='ltr'>expedire</span> <span class='ocrx_word' id='word_1_98' title='bbox 2244 1140 2389 1199; x_wconf 86' lang='lat' dir='ltr'>pos·</span> 
     </span>
     <span class='ocr_line' id='line_1_12' title="bbox 322 1207 2392 1286; baseline -0.002 -14"><span class='ocrx_word' id='word_1_99' title='bbox 322 1211 533 1272; x_wconf 90' lang='lat' dir='ltr'>simus.</span> <span class='ocrx_word' id='word_1_100' title='bbox 608 1207 709 1273; x_wconf 84' lang='lat'>67.</span> <span class='ocrx_word' id='word_1_101' title='bbox 753 1208 997 1286; x_wconf 83' lang='lat' dir='ltr'>Reliqui</span> <span class='ocrx_word' id='word_1_102' title='bbox 1041 1218 1183 1269; x_wconf 90' lang='lat' dir='ltr'>sunt</span> <span class='ocrx_word' id='word_1_103' title='bbox 1222 1207 1605 1284; x_wconf 78' lang='lat' dir='ltr'>Peripatetici</span> <span class='ocrx_word' id='word_1_104' title='bbox 1652 1217 1712 1269; x_wconf 86' lang='lat' dir='ltr'>et</span> <span class='ocrx_word' id='word_1_105' title='bbox 1743 1207 2133 1280; x_wconf 80' lang='lat' dir='ltr'>Academici3</span> <span class='ocrx_word' id='word_1_106' title='bbox 2181 1224 2392 1283; x_wconf 85' lang='lat' dir='ltr'>quam-</span> 
     </span>
     <span class='ocr_line' id='line_1_13' title="bbox 324 1290 2397 1371; baseline -0.002 -15"><span class='ocrx_word' id='word_1_107' title='bbox 324 1311 506 1371; x_wconf 91' lang='lat' dir='ltr'>quam</span> <span class='ocrx_word' id='word_1_108' title='bbox 528 1292 1040 1355; x_wconf 83' lang='lat' dir='ltr'>Academicorum</span> <span class='ocrx_word' id='word_1_109' title='bbox 1060 1309 1284 1355; x_wconf 90' lang='lat' dir='ltr'>nomen</span> <span class='ocrx_word' id='word_1_110' title='bbox 1307 1302 1405 1355; x_wconf 89' lang='lat' dir='ltr'>est</span> <span class='ocrx_word' id='word_1_111' title='bbox 1424 1310 1630 1367; x_wconf 88' lang='lat' dir='ltr'>unum,</span> <span class='ocrx_word' id='word_1_112' title='bbox 1657 1290 1995 1354; x_wconf 86' lang='lat' dir='ltr'>sententiae</span> <span class='ocrx_word' id='word_1_113' title='bbox 2018 1294 2199 1353; x_wconf 84' lang='lat' dir='ltr'>duae.</span> <span class='ocrx_word' id='word_1_114' title='bbox 2240 1292 2397 1352; x_wconf 84' lang='lat' dir='ltr'>Nam</span> 
     </span>
     <span class='ocr_line' id='line_1_14' title="bbox 323 1375 2396 1454; baseline -0.001 -15"><span class='ocrx_word' id='word_1_115' title='bbox 323 1377 715 1454; x_wconf 86' lang='lat' dir='ltr'>Speusippus</span> <span class='ocrx_word' id='word_1_116' title='bbox 738 1376 1008 1439; x_wconf 81' lang='lat' dir='ltr'>Platonis</span> <span class='ocrx_word' id='word_1_117' title='bbox 1032 1376 1265 1439; x_wconf 90' lang='lat' dir='ltr'>sororis</span> <span class='ocrx_word' id='word_1_118' title='bbox 1287 1375 1452 1438; x_wconf 88' lang='lat' dir='ltr'>filius</span> <span class='ocrx_word' id='word_1_119' title='bbox 1475 1387 1537 1438; x_wconf 91' lang='lat' dir='ltr'>et</span> <span class='ocrx_word' id='word_1_120' title='bbox 1547 1378 1928 1437; x_wconf 83' lang='lat' dir='ltr'>Xenocrates</span> <span class='ocrx_word' id='word_1_121' title='bbox 1953 1378 2057 1452; x_wconf 86' lang='lat' dir='ltr'>q-ui</span> <span class='ocrx_word' id='word_1_122' title='bbox 2079 1376 2396 1437; x_wconf 80' lang='lat' dir='ltr'>Platonem</span> 
     </span>
     <span class='ocr_line' id='line_1_15' title="bbox 321 1458 2391 1536; baseline -0.001 -14"><span class='ocrx_word' id='word_1_123' title='bbox 321 1463 598 1522; x_wconf 81' lang='lat' dir='ltr'>audierat</span> <span class='ocrx_word' id='word_1_124' title='bbox 624 1471 686 1522; x_wconf 88' lang='lat' dir='ltr'>et</span> <span class='ocrx_word' id='word_1_125' title='bbox 723 1459 828 1536; x_wconf 90' lang='lat' dir='ltr'>qui</span> <span class='ocrx_word' id='word_1_126' title='bbox 860 1462 1269 1521; x_wconf 87' lang='lat' dir='ltr'>Xenocratem</span> <span class='ocrx_word' id='word_1_127' title='bbox 1300 1460 1552 1522; x_wconf 91' lang='lat' dir='ltr'>Polemo</span> <span class='ocrx_word' id='word_1_128' title='bbox 1585 1470 1647 1522; x_wconf 92' lang='lat' dir='ltr'>et</span> <span class='ocrx_word' id='word_1_129' title='bbox 1679 1461 1933 1529; x_wconf 81' lang='lat' dir='ltr'>Crantor</span> <span class='ocrx_word' id='word_1_130' title='bbox 1965 1459 2116 1521; x_wconf 83' lang='lat' dir='ltr'>nihil</span> <span class='ocrx_word' id='word_1_131' title='bbox 2146 1461 2224 1521; x_wconf 90' lang='lat' dir='ltr'>ab</span> <span class='ocrx_word' id='word_1_132' title='bbox 2253 1458 2391 1520; x_wconf 88' lang='lat' dir='ltr'>Ari·</span> 
     </span>
     <span class='ocr_line' id='line_1_16' title="bbox 323 1542 2394 1620; baseline -0 -14"><span class='ocrx_word' id='word_1_133' title='bbox 323 1545 573 1617; x_wconf 89' lang='lat' dir='ltr'>stotele‚</span> <span class='ocrx_word' id='word_1_134' title='bbox 612 1542 717 1619; x_wconf 91' lang='lat' dir='ltr'>qui</span> <span class='ocrx_word' id='word_1_135' title='bbox 750 1560 873 1604; x_wconf 91' lang='lat' dir='ltr'>una</span> <span class='ocrx_word' id='word_1_136' title='bbox 907 1544 1184 1605; x_wconf 84' lang='lat' dir='ltr'>audierat</span> <span class='ocrx_word' id='word_1_137' title='bbox 1210 1544 1553 1619; x_wconf 87' lang='lat' dir='ltr'>Platonem,</span> <span class='ocrx_word' id='word_1_138' title='bbox 1587 1561 1813 1620; x_wconf 85' lang='lat' dir='ltr'>magno</span> <span class='ocrx_word' id='word_1_139' title='bbox 1842 1560 2035 1620; x_wconf 91' lang='lat' dir='ltr'>opere</span> <span class='ocrx_word' id='word_1_140' title='bbox 2063 1543 2394 1614; x_wconf 72' lang='lat' dir='ltr'>dissensit3</span> 
     </span>
     <span class='ocr_line' id='line_1_17' title="bbox 322 1626 2393 1704; baseline -0.001 -15"><span class='ocrx_word' id='word_1_141' title='bbox 322 1628 505 1704; x_wconf 89' lang='lat' dir='ltr'>copia</span> <span class='ocrx_word' id='word_1_142' title='bbox 538 1628 804 1688; x_wconf 84' lang='lat' dir='ltr'>sortasse</span> <span class='ocrx_word' id='word_1_143' title='bbox 835 1636 896 1689; x_wconf 91' lang='lat' dir='ltr'>et</span> <span class='ocrx_word' id='word_1_144' title='bbox 922 1627 1216 1689; x_wconf 84' lang='lat' dir='ltr'>varietate</span> <span class='ocrx_word' id='word_1_145' title='bbox 1243 1626 1489 1688; x_wconf 90' lang='lat' dir='ltr'>dicendi</span> <span class='ocrx_word' id='word_1_146' title='bbox 1518 1644 1708 1702; x_wconf 85' lang='lat' dir='ltr'>pares</span> <span class='ocrx_word' id='word_1_147' title='bbox 1737 1645 1861 1689; x_wconf 92' lang='lat' dir='ltr'>non</span> <span class='ocrx_word' id='word_1_148' title='bbox 1891 1629 2152 1690; x_wconf 77' lang='lat' dir='ltr'>fuerunt.</span> <span class='ocrx_word' id='word_1_149' title='bbox 2199 1629 2393 1688; x_wconf 86' lang='lat' dir='ltr'>Arce·</span> 
     </span>
     <span class='ocr_line' id='line_1_18' title="bbox 323 1710 2396 1788; baseline 0 -16"><span class='ocrx_word' id='word_1_150' title='bbox 323 1711 470 1772; x_wconf 89' lang='lat' dir='ltr'>silas</span> <span class='ocrx_word' id='word_1_151' title='bbox 515 1710 803 1787; x_wconf 87' lang='lat' dir='ltr'>primum,</span> <span class='ocrx_word' id='word_1_152' title='bbox 850 1711 955 1788; x_wconf 92' lang='lat' dir='ltr'>qui</span> <span class='ocrx_word' id='word_1_153' title='bbox 988 1712 1379 1773; x_wconf 89' lang='lat' dir='ltr'>Polemonem</span> <span class='ocrx_word' id='word_1_154' title='bbox 1422 1711 1731 1787; x_wconf 77' lang='lat' dir='ltr'>audierat,</span> <span class='ocrx_word' id='word_1_155' title='bbox 1776 1729 1853 1773; x_wconf 84' lang='lat' dir='ltr'>ex</span> <span class='ocrx_word' id='word_1_156' title='bbox 1898 1710 2396 1773; x_wconf 78' lang='lat' dir='ltr'>variis-Platonis</span> 
     </span>
     <span class='ocr_line' id='line_1_19' title="bbox 322 1793 2393 1872; baseline 0 -16"><span class='ocrx_word' id='word_1_157' title='bbox 322 1795 490 1857; x_wconf 91' lang='lat' dir='ltr'>libris</span> <span class='ocrx_word' id='word_1_158' title='bbox 527 1795 1042 1872; x_wconf 86' lang='lat' dir='ltr'>sermonibusque</span> <span class='ocrx_word' id='word_1_159' title='bbox 1080 1794 1412 1858; x_wconf 89' lang='lat' dir='ltr'>Socraticis</span> <span class='ocrx_word' id='word_1_160' title='bbox 1446 1796 1566 1857; x_wconf 89' lang='lat' dir='ltr'>hoc</span> <span class='ocrx_word' id='word_1_161' title='bbox 1601 1794 1867 1857; x_wconf 86' lang='lat' dir='ltr'>maxime</span> <span class='ocrx_word' id='word_1_162' title='bbox 1902 1795 2203 1871; x_wconf 85' lang='lat' dir='ltr'>adripuit,</span> <span class='ocrx_word' id='word_1_163' title='bbox 2242 1793 2393 1856; x_wconf 84' lang='lat' dir='ltr'>nihil</span> 
     </span>
     <span class='ocr_line' id='line_1_20' title="bbox 321 1878 2397 1958; baseline -0.002 -16"><span class='ocrx_word' id='word_1_164' title='bbox 321 1896 464 1943; x_wconf 90' lang='lat' dir='ltr'>esse</span> <span class='ocrx_word' id='word_1_165' title='bbox 489 1879 667 1954; x_wconf 87' lang='lat' dir='ltr'>certi,</span> <span class='ocrx_word' id='word_1_166' title='bbox 700 1881 867 1958; x_wconf 92' lang='lat' dir='ltr'>quod</span> <span class='ocrx_word' id='word_1_167' title='bbox 890 1891 996 1942; x_wconf 91' lang='lat' dir='ltr'>aut</span> <span class='ocrx_word' id='word_1_168' title='bbox 1020 1880 1308 1942; x_wconf 86' lang='lat' dir='ltr'>sensibus</span> <span class='ocrx_word' id='word_1_169' title='bbox 1333 1888 1439 1942; x_wconf 89' lang='lat' dir='ltr'>aut</span> <span class='ocrx_word' id='word_1_170' title='bbox 1458 1878 1661 1940; x_wconf 91' lang='lat' dir='ltr'>animo</span> <span class='ocrx_word' id='word_1_171' title='bbox 1686 1878 1925 1957; x_wconf 86' lang='lat' dir='ltr'>percipi</span> <span class='ocrx_word' id='word_1_172' title='bbox 1945 1879 2177 1956; x_wconf 80' lang='lat' dir='ltr'>possit3</span> <span class='ocrx_word' id='word_1_173' title='bbox 2211 1896 2397 1957; x_wconf 85' lang='lat' dir='ltr'>quem</span> 
     </span>
     <span class='ocr_line' id='line_1_21' title="bbox 325 1964 2397 2041; baseline 0 -16"><span class='ocrx_word' id='word_1_174' title='bbox 325 1967 526 2026; x_wconf 70' lang='lat' dir='ltr'>ferunt</span> <span class='ocrx_word' id='word_1_175' title='bbox 554 1965 779 2028; x_wconf 89' lang='lat' dir='ltr'>eximio</span> <span class='ocrx_word' id='word_1_176' title='bbox 813 1968 1081 2041; x_wconf 89' lang='lat' dir='ltr'>quodam</span> <span class='ocrx_word' id='word_1_177' title='bbox 1109 1983 1288 2027; x_wconf 90' lang='lat' dir='ltr'>usum</span> <span class='ocrx_word' id='word_1_178' title='bbox 1321 1966 1535 2040; x_wconf 90' lang='lat' dir='ltr'>lepore</span> <span class='ocrx_word' id='word_1_179' title='bbox 1565 1964 1810 2026; x_wconf 87' lang='lat' dir='ltr'>dicendi</span> <span class='ocrx_word' id='word_1_180' title='bbox 1830 1975 2225 2041; x_wconf 84' lang='lat' dir='ltr'>aspernatum</span> <span class='ocrx_word' id='word_1_181' title='bbox 2249 1981 2397 2025; x_wconf 88' lang='lat' dir='ltr'>csse</span> 
     </span>
     <span class='ocr_line' id='line_1_22' title="bbox 324 2048 2392 2126; baseline -0 -15"><span class='ocrx_word' id='word_1_182' title='bbox 324 2065 501 2111; x_wconf 91' lang='lat' dir='ltr'>omne</span> <span class='ocrx_word' id='word_1_183' title='bbox 543 2048 727 2110; x_wconf 89' lang='lat' dir='ltr'>animi</span> <span class='ocrx_word' id='word_1_184' title='bbox 772 2066 1122 2125; x_wconf 90' lang='lat' dir='ltr'>sensusque</span> <span class='ocrx_word' id='word_1_185' title='bbox 1165 2049 1457 2112; x_wconf 89' lang='lat' dir='ltr'>iudicium</span> <span class='ocrx_word' id='word_1_186' title='bbox 1500 2048 1886 2126; x_wconf 88' lang='lat' dir='ltr'>primumque</span> <span class='ocrx_word' id='word_1_187' title='bbox 1928 2048 2269 2111; x_wconf 85' lang='lat' dir='ltr'>instituisse</span> <span class='ocrx_word' id='word_1_188' title='bbox 2312 2083 2392 2093; x_wconf 90' lang='lat'>—</span> 
     </span>
     <span class='ocr_line' id='line_1_23' title="bbox 324 2132 2397 2209; baseline 0 -16"><span class='ocrx_word' id='word_1_189' title='bbox 324 2150 692 2209; x_wconf 89' lang='lat' dir='ltr'>quamquam</span> <span class='ocrx_word' id='word_1_190' title='bbox 731 2132 795 2193; x_wconf 93' lang='lat' dir='ltr'>id</span> <span class='ocrx_word' id='word_1_191' title='bbox 838 2132 949 2195; x_wconf 81' lang='lat' dir='ltr'>ruit</span> <span class='ocrx_word' id='word_1_192' title='bbox 992 2133 1373 2196; x_wconf 88' lang='lat' dir='ltr'>Socraticum</span> <span class='ocrx_word' id='word_1_193' title='bbox 1422 2132 1684 2195; x_wconf 81' lang='lat' dir='ltr'>maxime</span> <span class='ocrx_word' id='word_1_194' title='bbox 1718 2167 1834 2207; x_wconf 84' lang='lat'>—‚</span> <span class='ocrx_word' id='word_1_195' title='bbox 1890 2151 2015 2194; x_wconf 91' lang='lat' dir='ltr'>non</span> <span class='ocrx_word' id='word_1_196' title='bbox 2061 2132 2211 2209; x_wconf 89' lang='lat' dir='ltr'>quid</span> <span class='ocrx_word' id='word_1_197' title='bbox 2255 2133 2397 2209; x_wconf 88' lang='lat' dir='ltr'>ipse</span> 
     </span>
     <span class='ocr_line' id='line_1_24' title="bbox 323 2216 2399 2294; baseline -0.001 -16"><span class='ocrx_word' id='word_1_198' title='bbox 323 2216 576 2278; x_wconf 88' lang='lat' dir='ltr'>sentiret</span> <span class='ocrx_word' id='word_1_199' title='bbox 619 2218 977 2289; x_wconf 87' lang='lat' dir='ltr'>ostendere,</span> <span class='ocrx_word' id='word_1_200' title='bbox 1029 2218 1142 2278; x_wconf 91' lang='lat' dir='ltr'>sed</span> <span class='ocrx_word' id='word_1_201' title='bbox 1178 2225 1389 2278; x_wconf 83' lang='lat' dir='ltr'>contra</span> <span class='ocrx_word' id='word_1_202' title='bbox 1425 2216 1517 2289; x_wconf 89' lang='lat' dir='ltr'>id,</span> <span class='ocrx_word' id='word_1_203' title='bbox 1570 2218 1737 2292; x_wconf 90' lang='lat' dir='ltr'>quod</span> <span class='ocrx_word' id='word_1_204' title='bbox 1768 2216 2035 2294; x_wconf 89' lang='lat' dir='ltr'>quisque</span> <span class='ocrx_word' id='word_1_205' title='bbox 2065 2234 2137 2278; x_wconf 89' lang='lat' dir='ltr'>se</span> <span class='ocrx_word' id='word_1_206' title='bbox 2167 2218 2399 2279; x_wconf 87' lang='lat' dir='ltr'>sentire</span> 
     </span>
     <span class='ocr_line' id='line_1_25' title="bbox 324 2299 2397 2374; baseline 0 -14"><span class='ocrx_word' id='word_1_207' title='bbox 324 2299 615 2374; x_wconf 87' lang='lat' dir='ltr'>dixisset,</span> <span class='ocrx_word' id='word_1_208' title='bbox 657 2299 993 2374; x_wconf 90' lang='lat' dir='ltr'>disputare.</span> <span class='ocrx_word' id='word_1_209' title='bbox 1058 2299 1160 2361; x_wconf 85' lang='grc'>68.</span> <span class='ocrx_word' id='word_1_210' title='bbox 1206 2299 1365 2360; x_wconf 90' lang='lat' dir='ltr'>Hinc</span> <span class='ocrx_word' id='word_1_211' title='bbox 1393 2300 1548 2361; x_wconf 90' lang='lat' dir='ltr'>haec</span> <span class='ocrx_word' id='word_1_212' title='bbox 1576 2301 1884 2362; x_wconf 81' lang='lat' dir='ltr'>recentior</span> <span class='ocrx_word' id='word_1_213' title='bbox 1903 2300 2240 2362; x_wconf 87' lang='lat' dir='ltr'>Academia</span> <span class='ocrx_word' id='word_1_214' title='bbox 2268 2318 2397 2361; x_wconf 88' lang='lat' dir='ltr'>ma-</span> 
     </span>
     <span class='ocr_line' id='line_1_26' title="bbox 321 2381 2397 2461; baseline 0.001 -18"><span class='ocrx_word' id='word_1_215' title='bbox 321 2382 504 2456; x_wconf 89' lang='lat' dir='ltr'>navit,</span> <span class='ocrx_word' id='word_1_216' title='bbox 534 2382 593 2443; x_wconf 89' lang='lat' dir='ltr'>in</span> <span class='ocrx_word' id='word_1_217' title='bbox 618 2399 739 2458; x_wconf 89' lang='lat' dir='ltr'>qua</span> <span class='ocrx_word' id='word_1_218' title='bbox 760 2382 990 2444; x_wconf 88' lang='lat' dir='ltr'>exstitit</span> <span class='ocrx_word' id='word_1_219' title='bbox 1011 2381 1219 2443; x_wconf 89' lang='lat' dir='ltr'>divina</span> <span class='ocrx_word' id='word_1_220' title='bbox 1242 2385 1508 2459; x_wconf 83' lang='lat' dir='ltr'>quadam</span> <span class='ocrx_word' id='word_1_221' title='bbox 1531 2385 1842 2447; x_wconf 90' lang='lat' dir='ltr'>celeritate</span> <span class='ocrx_word' id='word_1_222' title='bbox 1862 2384 2091 2461; x_wconf 84' lang='lat' dir='ltr'>ingenii</span> <span class='ocrx_word' id='word_1_223' title='bbox 2117 2384 2397 2445; x_wconf 89' lang='lat' dir='ltr'>dicendi-</span> 
     </span>
     <span class='ocr_line' id='line_1_27' title="bbox 322 2464 2397 2545; baseline 0.001 -19"><span class='ocrx_word' id='word_1_224' title='bbox 322 2483 442 2541; x_wconf 91' lang='lat' dir='ltr'>que</span> <span class='ocrx_word' id='word_1_225' title='bbox 466 2464 648 2540; x_wconf 85' lang='lat' dir='ltr'>copia</span> <span class='ocrx_word' id='word_1_226' title='bbox 662 2466 1043 2540; x_wconf 86' lang='lat' dir='ltr'>Carneades;</span> <span class='ocrx_word' id='word_1_227' title='bbox 1069 2466 1246 2529; x_wconf 90' lang='lat' dir='ltr'>cuius</span> <span class='ocrx_word' id='word_1_228' title='bbox 1270 2485 1389 2543; x_wconf 83' lang='lat' dir='ltr'>ego</span> <span class='ocrx_word' id='word_1_229' title='bbox 1412 2467 1530 2530; x_wconf 85' lang='lat' dir='ltr'>etsi</span> <span class='ocrx_word' id='word_1_230' title='bbox 1552 2470 1777 2531; x_wconf 91' lang='lat' dir='ltr'>multos</span> <span class='ocrx_word' id='word_1_231' title='bbox 1792 2469 2109 2530; x_wconf 85' lang='lat' dir='ltr'>auditores</span> <span class='ocrx_word' id='word_1_232' title='bbox 2125 2467 2397 2545; x_wconf 81' lang='lat' dir='ltr'>cognovi</span> 
     </span>
     <span class='ocr_line' id='line_1_28' title="bbox 320 2546 2397 2629; baseline 0.002 -20"><span class='ocrx_word' id='word_1_233' title='bbox 320 2546 597 2623; x_wconf 80' lang='lat' dir='ltr'>AtheniS,</span> <span class='ocrx_word' id='word_1_234' title='bbox 633 2558 832 2610; x_wconf 87' lang='lat' dir='ltr'>tamen</span> <span class='ocrx_word' id='word_1_235' title='bbox 855 2559 1142 2613; x_wconf 87' lang='lat' dir='ltr'>auctores</span> <span class='ocrx_word' id='word_1_236' title='bbox 1165 2549 1549 2614; x_wconf 87' lang='lat' dir='ltr'>certissimos</span> <span class='ocrx_word' id='word_1_237' title='bbox 1572 2553 1824 2613; x_wconf 80' lang='lat' dir='ltr'>laudare</span> <span class='ocrx_word' id='word_1_238' title='bbox 1850 2570 2109 2629; x_wconf 80' lang='lat' dir='ltr'>possum</span> <span class='ocrx_word' id='word_1_239' title='bbox 2131 2563 2194 2615; x_wconf 91' lang='lat' dir='ltr'>et</span> <span class='ocrx_word' id='word_1_240' title='bbox 2216 2569 2397 2614; x_wconf 84' lang='lat' dir='ltr'>soce-</span> 
     </span>
     <span class='ocr_line' id='line_1_29' title="bbox 320 2633 2397 2712; baseline 0.001 -17"><span class='ocrx_word' id='word_1_241' title='bbox 320 2650 454 2695; x_wconf 89' lang='lat' dir='ltr'>rum</span> <span class='ocrx_word' id='word_1_242' title='bbox 488 2650 689 2694; x_wconf 90' lang='lat' dir='ltr'>meum</span> <span class='ocrx_word' id='word_1_243' title='bbox 722 2633 1116 2709; x_wconf 89' lang='lat' dir='ltr'>Scaevolam,</span> <span class='ocrx_word' id='word_1_244' title='bbox 1156 2636 1261 2712; x_wconf 88' lang='lat' dir='ltr'>qui</span> <span class='ocrx_word' id='word_1_245' title='bbox 1293 2653 1431 2697; x_wconf 92' lang='lat' dir='ltr'>eum</span> <span class='ocrx_word' id='word_1_246' title='bbox 1466 2638 1701 2697; x_wconf 87' lang='lat' dir='ltr'>Romae</span> <span class='ocrx_word' id='word_1_247' title='bbox 1733 2636 1968 2698; x_wconf 80' lang='lat' dir='ltr'>audivit</span> <span class='ocrx_word' id='word_1_248' title='bbox 2000 2637 2397 2711; x_wconf 70' lang='lat' dir='ltr'>adoLescens,</span> 
     </span>
     <span class='ocr_line' id='line_1_30' title="bbox 319 2717 2398 2795; baseline 0.001 -15"><span class='ocrx_word' id='word_1_249' title='bbox 319 2726 380 2780; x_wconf 76' lang='lat' dir='ltr'>et</span> <span class='ocrx_word' id='word_1_250' title='bbox 413 2718 480 2792; x_wconf 83' lang='lat' dir='ltr'>Q.</span> <span class='ocrx_word' id='word_1_251' title='bbox 517 2717 825 2779; x_wconf 88' lang='lat' dir='ltr'>Metellum</span> <span class='ocrx_word' id='word_1_252' title='bbox 856 2718 942 2779; x_wconf 90' lang='lat' dir='ltr'>L.·</span> <span class='ocrx_word' id='word_1_253' title='bbox 961 2720 1029 2780; x_wconf 90' lang='lat' dir='ltr'>F.</span> <span class='ocrx_word' id='word_1_254' title='bbox 1069 2719 1424 2780; x_wconf 76' lang='lat' dir='ltr'>familiarem</span> <span class='ocrx_word' id='word_1_255' title='bbox 1459 2736 1690 2791; x_wconf 87' lang='lat' dir='ltr'>meum,</span> <span class='ocrx_word' id='word_1_256' title='bbox 1725 2719 2136 2782; x_wconf 79' lang='lat' dir='ltr'>clarissimum</span> <span class='ocrx_word' id='word_1_257' title='bbox 2173 2721 2398 2795; x_wconf 72' lang='lat' dir='ltr'>virum,</span> 
     </span>
     <span class='ocr_line' id='line_1_31' title="bbox 321 2801 2398 2877; baseline 0.001 -14"><span class='ocrx_word' id='word_1_258' title='bbox 321 2801 426 2877; x_wconf 90' lang='lat' dir='ltr'>qui</span> <span class='ocrx_word' id='word_1_259' title='bbox 460 2801 628 2862; x_wconf 87' lang='lat' dir='ltr'>illum</span> <span class='ocrx_word' id='word_1_260' title='bbox 661 2819 698 2862; x_wconf 91' lang='lat' dir='ltr'>a</span> <span class='ocrx_word' id='word_1_261' title='bbox 734 2819 803 2862; x_wconf 91' lang='lat' dir='ltr'>se</span> <span class='ocrx_word' id='word_1_262' title='bbox 836 2804 1232 2865; x_wconf 88' lang='lat' dir='ltr'>adolescente</span> <span class='ocrx_word' id='word_1_263' title='bbox 1265 2802 1524 2864; x_wconf 78' lang='lat' dir='ltr'>Athenis</span> <span class='ocrx_word' id='word_1_264' title='bbox 1571 2802 1692 2863; x_wconf 88' lang='lat' dir='ltr'>iam</span> <span class='ocrx_word' id='word_1_265' title='bbox 1731 2805 2038 2865; x_wconf 81' lang='lat' dir='ltr'>adfectum</span> <span class='ocrx_word' id='word_1_266' title='bbox 2074 2813 2398 2866; x_wconf 84' lang='lat' dir='ltr'>senectute</span> 
     </span>
     <span class='ocr_line' id='line_1_32' title="bbox 318 2886 2401 2962; baseline 0.002 -17"><span class='ocrx_word' id='word_1_267' title='bbox 318 2886 542 2946; x_wconf 84' lang='lat' dir='ltr'>multos</span> <span class='ocrx_word' id='word_1_268' title='bbox 572 2886 704 2945; x_wconf 89' lang='lat' dir='ltr'>dics</span> <span class='ocrx_word' id='word_1_269' title='bbox 735 2886 1008 2947; x_wconf 88' lang='lat' dir='ltr'>auditum</span> <span class='ocrx_word' id='word_1_270' title='bbox 1037 2903 1181 2948; x_wconf 88' lang='lat' dir='ltr'>esse</span> <span class='ocrx_word' id='word_1_271' title='bbox 1208 2886 1471 2947; x_wconf 86' lang='lat' dir='ltr'>dicebat.</span> <span class='ocrx_word' id='word_1_272' title='bbox 1522 2887 1676 2948; x_wconf 87' lang='lat' dir='ltr'>XIX.</span> <span class='ocrx_word' id='word_1_273' title='bbox 1719 2888 1819 2950; x_wconf 84' lang='lat'>69.</span> <span class='ocrx_word' id='word_1_274' title='bbox 1859 2888 2028 2949; x_wconf 85' lang='lat' dir='ltr'>Haec</span> <span class='ocrx_word' id='word_1_275' title='bbox 2057 2898 2293 2962; x_wconf 88' lang='lat' dir='ltr'>autem,</span> <span class='ocrx_word' id='word_1_276' title='bbox 2327 2897 2401 2950; x_wconf 86' lang='lat' dir='ltr'>ut</span> 
     </span>
     <span class='ocr_line' id='line_1_33' title="bbox 319 2967 2400 3047; baseline 0.001 -17"><span class='ocrx_word' id='word_1_277' title='bbox 319 2984 399 3030; x_wconf 79' lang='lat' dir='ltr'>ex</span> <span class='ocrx_word' id='word_1_278' title='bbox 412 2967 741 3044; x_wconf 84' lang='lat' dir='ltr'>Apennino</span> <span class='ocrx_word' id='word_1_279' title='bbox 764 2968 1097 3044; x_wconf 86' lang='lat' dir='ltr'>fluminum,</span> <span class='ocrx_word' id='word_1_280' title='bbox 1132 2969 1224 3030; x_wconf 91' lang='lat' dir='ltr'>sic</span> <span class='ocrx_word' id='word_1_281' title='bbox 1246 2987 1329 3031; x_wconf 85' lang='lat' dir='ltr'>ex</span> <span class='ocrx_word' id='word_1_282' title='bbox 1357 2970 1662 3031; x_wconf 89' lang='lat' dir='ltr'>communi</span> <span class='ocrx_word' id='word_1_283' title='bbox 1686 2970 2028 3047; x_wconf 88' lang='lat' dir='ltr'>sapientiae</span> <span class='ocrx_word' id='word_1_284' title='bbox 2075 2970 2224 3047; x_wconf 81' lang='lat' dir='ltr'>iugo</span> <span class='ocrx_word' id='word_1_285' title='bbox 2249 2981 2400 3033; x_wconf 83' lang='lat' dir='ltr'>sunt</span> 
     </span>
     <span class='ocr_line' id='line_1_34' title="bbox 320 3049 2402 3132; baseline 0.002 -20"><span class='ocrx_word' id='word_1_286' title='bbox 320 3049 731 3113; x_wconf 90' lang='lat' dir='ltr'>doctrinarum</span> <span class='ocrx_word' id='word_1_287' title='bbox 761 3053 920 3113; x_wconf 87' lang='lat' dir='ltr'>facta</span> <span class='ocrx_word' id='word_1_288' title='bbox 949 3053 1236 3127; x_wconf 87' lang='lat' dir='ltr'>divortia,</span> <span class='ocrx_word' id='word_1_289' title='bbox 1268 3063 1335 3115; x_wconf 90' lang='lat' dir='ltr'>ut</span> <span class='ocrx_word' id='word_1_290' title='bbox 1363 3053 1719 3131; x_wconf 81' lang='lat' dir='ltr'>philosophi</span> <span class='ocrx_word' id='word_1_291' title='bbox 1780 3064 2091 3132; x_wconf 84' lang='lat' dir='ltr'>tamquam</span> <span class='ocrx_word' id='word_1_292' title='bbox 2112 3054 2178 3116; x_wconf 88' lang='lat' dir='ltr'>in</span> <span class='ocrx_word' id='word_1_293' title='bbox 2208 3073 2402 3131; x_wconf 84' lang='lat' dir='ltr'>supe·-</span> 
     </span>
     <span class='ocr_line' id='line_1_35' title="bbox 316 3136 2398 3215; baseline 0.001 -17"><span class='ocrx_word' id='word_1_294' title='bbox 316 3154 447 3198; x_wconf 89' lang='lat' dir='ltr'>rum</span> <span class='ocrx_word' id='word_1_295' title='bbox 472 3152 638 3197; x_wconf 88' lang='lat' dir='ltr'>mare</span> <span class='ocrx_word' id='word_1_296' title='bbox 652 3137 885 3196; x_wconf 88' lang='lat' dir='ltr'>lonium</span> <span class='ocrx_word' id='word_1_297' title='bbox 911 3136 1253 3198; x_wconf 87' lang='lat' dir='ltr'>defluerent</span> <span class='ocrx_word' id='word_1_298' title='bbox 1265 3138 1565 3199; x_wconf 88' lang='lat' dir='ltr'>Graecum</span> <span class='ocrx_word' id='word_1_299' title='bbox 1589 3140 1902 3214; x_wconf 88' lang='lat' dir='ltr'>quoddam</span> <span class='ocrx_word' id='word_1_300' title='bbox 1925 3148 1986 3201; x_wconf 90' lang='lat' dir='ltr'>et</span> <span class='ocrx_word' id='word_1_301' title='bbox 2005 3149 2398 3215; x_wconf 87' lang='lat' dir='ltr'>portuosum,</span> 
     </span>
     <span class='ocr_line' id='line_1_36' title="bbox 319 3219 2396 3299; baseline 0.001 -18"><span class='ocrx_word' id='word_1_302' title='bbox 319 3229 594 3282; x_wconf 90' lang='lat' dir='ltr'>oratores</span> <span class='ocrx_word' id='word_1_303' title='bbox 627 3230 830 3282; x_wconf 89' lang='lat' dir='ltr'>autem</span> <span class='ocrx_word' id='word_1_304' title='bbox 864 3219 925 3280; x_wconf 90' lang='lat' dir='ltr'>in</span> <span class='ocrx_word' id='word_1_305' title='bbox 960 3219 1219 3282; x_wconf 76' lang='lat' dir='ltr'>inferum</span> <span class='ocrx_word' id='word_1_306' title='bbox 1254 3221 1374 3281; x_wconf 90' lang='lat' dir='ltr'>hoc</span> <span class='ocrx_word' id='word_1_307' title='bbox 1407 3223 1672 3284; x_wconf 87' lang='lat' dir='ltr'>Tuscum</span> <span class='ocrx_word' id='word_1_308' title='bbox 1706 3232 1767 3285; x_wconf 89' lang='lat' dir='ltr'>et</span> <span class='ocrx_word' id='word_1_309' title='bbox 1800 3224 2127 3284; x_wconf 87' lang='lat' dir='ltr'>barbarum</span> <span class='ocrx_word' id='word_1_310' title='bbox 2163 3240 2396 3299; x_wconf 80' lang='lat' dir='ltr'>scopu-</span> 
     </span>
     <span class='ocr_line' id='line_1_37' title="bbox 317 3303 2394 3383; baseline 0.003 -21"><span class='ocrx_word' id='word_1_311' title='bbox 317 3304 516 3365; x_wconf 89' lang='lat' dir='ltr'>losum</span> <span class='ocrx_word' id='word_1_312' title='bbox 560 3314 744 3381; x_wconf 89' lang='lat' dir='ltr'>atque</span> <span class='ocrx_word' id='word_1_313' title='bbox 779 3303 1065 3366; x_wconf 78' lang='lat' dir='ltr'>infestum</span> <span class='ocrx_word' id='word_1_314' title='bbox 1104 3305 1481 3381; x_wconf 86' lang='lat' dir='ltr'>laberentur,</span> <span class='ocrx_word' id='word_1_315' title='bbox 1523 3306 1585 3367; x_wconf 88' lang='lat' dir='ltr'>in</span> <span class='ocrx_word' id='word_1_316' title='bbox 1623 3323 1747 3383; x_wconf 93' lang='lat' dir='ltr'>quo</span> <span class='ocrx_word' id='word_1_317' title='bbox 1783 3307 1965 3369; x_wconf 86' lang='lat' dir='ltr'>etiam</span> <span class='ocrx_word' id='word_1_318' title='bbox 1999 3306 2141 3383; x_wconf 88' lang='lat' dir='ltr'>ipse</span> <span class='ocrx_word' id='word_1_319' title='bbox 2173 3306 2394 3369; x_wconf 77' lang='lat' dir='ltr'>Ulixes</span> 
     </span>
     <span class='ocr_line' id='line_1_38' title="bbox 319 3385 2392 3470; baseline 0.004 -26"><span class='ocrx_word' id='word_1_320' title='bbox 319 3395 606 3449; x_wconf 82' lang='lat' dir='ltr'>errasset.</span> <span class='ocrx_word' id='word_1_321' title='bbox 677 3385 776 3450; x_wconf 90' lang='grc'>70.</span> <span class='ocrx_word' id='word_1_322' title='bbox 835 3389 1064 3463; x_wconf 80' lang='lat' dir='ltr'>Quare,</span> <span class='ocrx_word' id='word_1_323' title='bbox 1111 3390 1164 3450; x_wconf 89' lang='lat' dir='ltr'>si</span> <span class='ocrx_word' id='word_1_324' title='bbox 1206 3390 1322 3449; x_wconf 87' lang='lat' dir='ltr'>hac</span> <span class='ocrx_word' id='word_1_325' title='bbox 1366 3390 1719 3470; x_wconf 85' lang='lat' dir='ltr'>eloquentia</span> <span class='ocrx_word' id='word_1_326' title='bbox 1752 3399 1937 3467; x_wconf 91' lang='lat' dir='ltr'>atque</span> <span class='ocrx_word' id='word_1_327' title='bbox 1977 3391 2099 3452; x_wconf 84' lang='lat' dir='ltr'>hoc</span> <span class='ocrx_word' id='word_1_328' title='bbox 2143 3402 2392 3453; x_wconf 84' lang='lat' dir='ltr'>oratore</span> 
     </span>
     <span class='ocr_line' id='line_1_39' title="bbox 319 3467 2389 3551; baseline 0.004 -25"><span class='ocrx_word' id='word_1_329' title='bbox 319 3467 583 3531; x_wconf 88' lang='lat' dir='ltr'>contenti</span> <span class='ocrx_word' id='word_1_330' title='bbox 608 3488 853 3545; x_wconf 79' lang='lat' dir='ltr'>eumue,</span> <span class='ocrx_word' id='word_1_331' title='bbox 889 3472 992 3545; x_wconf 93' lang='lat' dir='ltr'>qui</span> <span class='ocrx_word' id='word_1_332' title='bbox 1017 3471 1173 3534; x_wconf 91' lang='lat' dir='ltr'>sciat</span> <span class='ocrx_word' id='word_1_333' title='bbox 1194 3483 1297 3534; x_wconf 87' lang='lat' dir='ltr'>aut</span> <span class='ocrx_word' id='word_1_334' title='bbox 1317 3490 1546 3548; x_wconf 78' lang='lat' dir='ltr'>negare</span> <span class='ocrx_word' id='word_1_335' title='bbox 1571 3483 1875 3550; x_wconf 82' lang='lat' dir='ltr'>oportere,</span> <span class='ocrx_word' id='word_1_336' title='bbox 1906 3475 2076 3551; x_wconf 91' lang='lat' dir='ltr'>quod</span> <span class='ocrx_word' id='word_1_337' title='bbox 2106 3490 2389 3549; x_wconf 75' lang='lat' dir='ltr'>arguare.</span> 
     </span>
    </p>
   </div>
  </div>
 </body>
</html>
