2622 3908
277 179 360 243 40
1070 182 1169 240 DE
1216 180 1579 241 ORATORE

275 331 588 405 iiciuntur3
649 333 1007 409 omniaque,
1057 350 1216 410 quae
1263 343 1407 394 sunt
1448 334 1547 394 vel
1600 350 1893 408 generum
1948 337 2043 395 vel
2089 335 2354 411 partium

275 415 554 488 nomina,
589 416 1078 489 definitionibuS,
1129 434 1310 491 quam
1351 415 1477 478 vim
1519 416 1812 490 habeant,
1860 427 1955 479 est
2001 419 2351 494 exprimen-

276 502 439 561 dum.
481 500 589 560 Est
617 500 777 561 enim
806 499 1076 561 definitio
1112 517 1314 562 rerum
1342 517 1568 576 earum,
1594 518 1753 576 quae
1775 509 1917 562 sunt
1938 500 2072 562 eius
2095 502 2183 562 rei
2205 520 2352 578 pro-

277 583 477 660 priae,
518 601 700 659 quam
730 583 986 645 definire
1020 586 1335 657 volumuS,
1368 583 1573 644 brevis
1598 591 1658 645 et
1679 583 2139 662 circumscripta
2162 603 2350 661 quae-

276 669 417 728 dam
446 667 794 743 explicatio.
863 667 1003 729 190.
1036 667 1223 728 Hisce
1257 683 1373 742 ego
1403 668 1590 729 rebus
1621 670 1905 743 exempla
1931 668 2348 745 adiungerem,

279 751 425 826 nisi,
451 753 620 828 apud
645 769 801 827 quos
827 753 982 812 haec
1004 751 1331 813 haberetur
1352 751 1563 824 orati0,
1597 769 1927 812 cernerem.
1986 753 2159 813 Nunc
2182 769 2353 813 com-

281 837 515 913 plectar
571 837 739 911 quod
774 833 1074 911 proposui
1149 836 1341 895 brevi.
1407 835 1473 896 Si
1506 834 1668 896 enim
1696 845 1801 897 aut
1840 834 1986 896 mihi
2029 838 2231 897 facere
2281 836 2351 896 li-

276 918 486 991 cuerit,
519 920 687 994 quod
716 919 836 979 iam
866 919 973 980 diu
998 917 1219 994 cogito,
1247 927 1353 979 aut
1380 917 1535 981 alius
1569 918 1875 995 quispiam
1900 928 2004 981 aut
2031 937 2129 980 me
2155 918 2350 994 impe-

275 1003 400 1064 dito
433 1002 750 1077 occuparit
779 1010 883 1063 aut
909 1010 1148 1064 mortuo
1179 1002 1480 1076 effecerit,
1527 1011 1593 1065 ut
1639 1003 1897 1078 primum
1928 1020 2108 1064 omne
2137 1002 2233 1064 ius
2263 1002 2344 1064 ci-

276 1086 395 1146 vile
417 1085 479 1146 in
527 1103 754 1161 genera
795 1086 1058 1162 digerat,
1105 1103 1264 1162 quae
1305 1103 1616 1162 perpauca
1657 1096 1824 1161 sunt,
1871 1087 2093 1148 deinde
2133 1103 2347 1148 eorum

276 1187 567 1246 generum
605 1170 786 1247 quasi
823 1171 1122 1246 quaedam
1161 1171 1433 1231 membra
1468 1169 1814 1246 dispertiat,
1872 1179 1998 1232 tum
2032 1170 2346 1247 propriam

276 1253 578 1330 cuiusque
616 1254 738 1314 vim
773 1253 1128 1316 definitione
1164 1256 1463 1329 declaret,
1503 1256 1839 1330 perfectam
1872 1263 2063 1316 artem
2086 1253 2235 1316 iuris
2262 1254 2347 1314 ci-

276 1336 411 1398 vilis
447 1337 781 1412 habebitis,
823 1337 1019 1415 magis
1055 1355 1339 1413 magnam
1374 1346 1560 1414 atque
1593 1339 1875 1411 uberem,
1922 1355 2105 1414 quam
2128 1337 2345 1399 diffiei-

276 1424 395 1482 Iem
439 1429 500 1482 et
545 1423 888 1482 obscuram.
977 1421 1116 1483 191.
1174 1424 1380 1497 Atque
1421 1421 1655 1483 interea
1694 1430 1925 1495 tamen,
1985 1424 2131 1484 dum
2171 1422 2344 1498 haec,

277 1520 438 1580 quae
479 1503 765 1580 dispersa
788 1515 946 1579 sunt,
994 1513 1310 1580 coguntur,
1352 1507 1448 1566 vel
1483 1505 1720 1581 passim
1749 1505 1891 1567 licet
1914 1513 2264 1582 carpentem
2288 1514 2349 1567 et

277 1587 664 1663 colligentem
685 1588 961 1665 undique
981 1588 1208 1665 repleri
1230 1588 1392 1650 iusta
1415 1588 1564 1650 iuris
1589 1588 1785 1650 civilis
1808 1591 2080 1651 scientia.
2138 1591 2345 1650 XLIII.

275 1673 490 1732 Nonne
530 1671 752 1734 videtis
791 1672 1060 1750 equitem
1097 1675 1456 1749 Romanum,
1496 1672 1804 1734 hominem
1829 1673 2184 1735 acutissimo
2216 1689 2345 1734 om-

277 1755 444 1817 nium
467 1755 732 1831 ingenio,
762 1758 876 1817 sed
910 1756 1156 1818 minime
1194 1757 1453 1818 cacteris
1479 1758 1710 1818 artibus
1744 1757 2065 1833 eruditum,
2096 1758 2157 1818 C.
2179 1758 2344 1817 Acu-

273 1854 545 1915 leonem,
606 1840 713 1915 qui
755 1858 994 1903 mecum
1039 1840 1190 1902 vivit
1232 1857 1602 1918 semperque
1644 1840 1824 1913 vixit,
1874 1840 1957 1902 ita
1998 1849 2206 1903 tenere
2246 1840 2344 1901 ius

273 1923 481 1998 civile,
531 1932 596 1987 ut
631 1923 719 1999 ei,
765 1944 952 2001 quum
986 1926 1063 1987 ab
1099 1925 1219 1988 hoc
1256 1923 1703 2001 discesseritiS,
1760 1942 1939 1987 nemo
1977 1926 2056 1986 de
2090 1923 2198 1998 iis,
2242 1922 2344 2000 qui

275 2008 625 2085 peritissimi
649 2018 820 2086 sunt,
865 2017 1314 2086 anteponatur?
1375 2009 1517 2071 192.
1557 2009 1772 2070 Omnia
1795 2019 1939 2071 sunt
1957 2008 2117 2070 enim
2142 2008 2348 2085 posita

271 2102 412 2156 ante
452 2096 719 2169 oculo&
764 2096 1064 2156 collocata
1117 2093 1180 2153 in
1203 2104 1206 2107 ’
1233 2110 1351 2155 usu
1400 2092 1737 2168 cotidiano,
1793 2092 1854 2153 in
1903 2091 2343 2168 congressione

273 2176 581 2239 hominum
620 2185 805 2252 atque
841 2176 904 2236 in
941 2179 1108 2247 foro;
1157 2194 1361 2251 neque
1397 2178 1478 2238 ita
1500 2176 1703 2238 multis
1726 2176 1941 2239 litteris
1967 2187 2070 2238 aut
2092 2174 2341 2238 volumi-

272 2260 453 2321 nibus
488 2258 727 2335 magnis
765 2259 1168 2321 continentur.
1213 2261 1445 2320 Eadem
1482 2259 1642 2320 enim
1670 2263 1833 2321 elata
1862 2272 2006 2323 sunt
2027 2260 2287 2336 primum
2309 2275 2347 2319 a

276 2343 582 2421 pluribus;
635 2342 859 2404 deinde
891 2345 1106 2418 paucis
1149 2342 1354 2405 verbis
1392 2344 1775 2406 commutatis
1813 2344 1994 2405 etiarn
2020 2346 2097 2404 ab
2127 2343 2342 2403 iisdem

273 2426 677 2503 scriptoribus
719 2425 950 2504 scripta
986 2434 1126 2489 sunt
1162 2426 1433 2502 saepius.
1500 2427 1641 2489 193.
1684 2428 1944 2489 Accedit
1986 2445 2166 2499 vero,
2220 2443 2342 2502 quo

274 2510 512 2571 facilius
547 2511 784 2585 percipi
827 2510 1247 2588 cognoscique
1279 2510 1377 2572 ius
1405 2510 1600 2590 civile
1619 2510 1851 2588 possit,
1898 2513 2065 2587 quod
2100 2509 2344 2571 minime

272 2593 550 2671 plerique
574 2593 979 2669 arbitrantur,
1011 2595 1163 2656 mira
1199 2597 1501 2671 quaedam
1522 2595 1585 2656 in
1610 2597 2045 2671 cognoscendo
2070 2593 2343 2655 suavitas

271 2688 331 2739 et
355 2675 696 2739 delectatio.
744 2678 923 2754 Nam,
965 2678 1098 2741 sive
1125 2696 1308 2755 quem
1334 2680 1487 2739 haec
1509 2678 1769 2740 Aeliana
1793 2678 1997 2741 studia
2018 2679 2341 2752 delectant,

270 2761 530 2839 plurima
571 2769 667 2824 est
706 2771 767 2824 et
807 2762 869 2824 in
906 2765 1073 2824 omni
1105 2763 1238 2825 iure
1267 2762 1431 2823 civili
1459 2769 1520 2823 et
1540 2761 1600 2822 in
1622 2764 1980 2838 pontificum
2003 2762 2175 2822 libris
2200 2762 2342 2822 etin

258 2856 386 2914 ΧΠ.
422 2852 647 2913 tabulis
678 2850 1057 2926 antiquitatis
1090 2849 1352 2924 effigies,
1392 2848 1560 2923 quod
1591 2856 1653 2909 et
1684 2849 2019 2910 verborum
2063 2854 2345 2908 vetustas

258 2936 464 3013 prisca
509 2934 910 3011 cognoscitur
950 2943 1013 2995 et
1054 2932 1369 2995 actionum
1406 2948 1638 3008 genera
1681 2934 1986 3008 quaedam
2043 2931 2344 2992 maiorum

259 3019 769 3083 consuetudinem
801 3020 1115 3094 vitamque
1145 3019 1488 3078 declarant:
1522 3016 1659 3077 sive
1694 3016 1834 3092 quis
1866 3016 2109 3078 civilem
2143 3015 2344 3076 scien-

259 3105 401 3167 tiam
447 3148 674 3166 ......
693 3151 708 3180 ,
753 3120 937 3179 quam
977 3104 1282 3165 Scaevola
1316 3117 1441 3161 non
1483 3109 1660 3177 putat
1703 3100 1967 3163 oratoris
2011 3116 2156 3161 esse
2205 3115 2345 3175 pro-

258 3190 470 3268 priam,
498 3191 612 3252 sed
648 3189 971 3250 cuiusdam
1004 3204 1083 3247 ex
1113 3185 1233 3246 alio
1265 3201 1494 3261 genere
1523 3185 1907 3261 prudentiae,
1946 3193 2138 3246 totam
2166 3185 2345 3255 hanc,

262 3274 594 3350 descriptis
617 3275 902 3335 omnibus
920 3269 1184 3333 civitatis
1205 3268 1564 3331 utilitatibus
1589 3284 1664 3329 ac
1690 3270 1989 3345 partibuS,
2012 3271 2144 3330 XII.
2178 3268 2345 3328 tabu-

259 3358 334 3419 lis
378 3358 678 3419 contineri
713 3356 974 3419 videbit:
1020 3354 1153 3416 sive
1186 3368 1370 3428 quem
1399 3359 1777 3429 praepotens
1810 3353 1928 3414 ista
1972 3362 2033 3415 et
2075 3351 2346 3429 gloriosa

263 3440 654 3518 philosophia
674 3444 942 3503 delectat
964 3474 1038 3484 —
1067 3438 1265 3498 dicam
1284 3437 1582 3498 audacius
1604 3472 1707 3500 —.
1724 3438 1918 3499 hosce
1933 3438 2119 3498 habet
2143 3439 2345 3498 fontes
