2622 3908
297 241 412 302 186
1075 238 1173 297 DE
1205 237 1568 298 ORATORE

293 397 572 461 truncuS,
617 407 739 450 non
770 389 952 461 rami,
983 406 1106 450 non
1143 387 1291 449 solia
1322 399 1465 450 sunt
1493 387 1759 462 denique
1791 387 1910 449 nisi
1943 391 2023 450 ad
2056 406 2229 450 suam
2258 406 2352 452 re-

293 472 598 534 tinendam
643 474 1260 546 conservandamque
1305 479 1623 533 naturam?
1668 489 1974 548 nusquam
2015 481 2215 534 tamen
2258 484 2354 534 est

291 559 411 617 ulla
455 572 599 631 pars
643 554 759 616 nisi
809 565 1090 617 venusta.
1154 555 1293 617 180.
1339 554 1716 631 Linquamus
1762 565 2036 617 naturam
2066 567 2355 632 artesque

288 639 629 700 videamus.
687 638 845 712 Quid
890 647 1013 700 tam
1058 640 1119 699 in
1162 637 1408 714 navigio
1452 636 1873 700 necessarium
1920 656 2103 714 quam
2144 640 2354 713 latera,

290 740 474 798 quam
523 739 854 794 cavernae,
908 739 1091 798 quam
1137 739 1353 798 prora,
1397 739 1581 797 quam
1616 723 1878 799 puppiS,
1924 740 2108 799 quam
2143 732 2348 784 anten-

288 823 433 881 nae,
480 822 665 881 quam
706 806 873 878 vela,
920 824 1102 881 quam
1146 805 1332 866 mali?
1379 823 1539 880 quae
1587 816 1787 866 tamen
1834 806 1992 866 hanc
2025 807 2253 867 habent
2293 806 2354 866 in

288 889 499 965 specie
539 897 952 963 venustatem,
1002 899 1068 951 ut
1104 907 1239 950 non·
1272 889 1474 949 solum
1509 889 1754 952 salutis,
1805 890 1918 950 sed
1966 889 2146 952 etiam
2178 892 2354 952 volu·

290 973 472 1048 ptatis
509 990 701 1034 causa
733 971 981 1033 inventa
1016 990 1159 1035 esse
1194 972 1537 1034 videantur.
1654 975 1986 1034 Columnae
2006 975 2249 1049 'templa
2294 981 2357 1034 et

288 1058 561 1132 porticus
607 1056 940 1128 sustinent3
995 1065 1195 1117 tamen
1240 1056 1470 1118 habent
1513 1073 1635 1118 non
1683 1057 1824 1131 plus
1867 1055 2138 1118 utilitatis
2173 1072 2356 1131 quam

288 1138 617 1215 dignitatis.
665 1138 945 1215 Capitolii
974 1139 1287 1216 fastigium,
1304 1138 1455 1200 illud
1480 1149 1540 1200 et
1564 1147 1942 1201 caeterarum
1963 1139 2213 1200 aedium'
2230 1158 2358 1203 non

289 1232 612 1296 venustaS,
656 1224 770 1284 sed
805 1222 1146 1284 necessitas
1180 1223 1321 1300 ipsa
1356 1222 1649 1284 fabricata
1680 1233 1792 1284 est.
1853 1224 2005 1283 Nam
2035 1241 2224 1299 quum
2257 1241 2361 1284 es⁴

288 1316 382 1368 set
414 1305 623 1367 nahita
654 1306 809 1367 ratio
827 1353 842 1378 ,
881 1308 1399 1382 quemadmodum
1430 1324 1510 1367 ex
1539 1317 1796 1382 utraque
1820 1305 1965 1368 tecti
1993 1317 2166 1382 parte
2191 1324 2360 1383 aqua

288 1390 700 1463 delaberetur,
735 1389 1051 1452 utilitatem
1087 1390 1297 1466 templi
1329 1388 1554 1465 fastigii
1584 1389 1847 1466 dignitas
1869 1400 2205 1451 consecuta
2228 1401 2356 1463 est3

288 1482 377 1543 ut,
429 1472 668 1533 etiamsi
698 1475 758 1532 in
794 1476 965 1534 caelo
1004 1473 1364 1549 Capitolium
1408 1481 1802 1546 statueretur,
1848 1473 1952 1534 ubi
1988 1473 2181 1533 imber
2212 1491 2358 1534 esse

287 1571 406 1616 non
439 1565 685 1630 posset,
723 1557 951 1616 nullam
983 1558 1116 1617 sine
1153 1556 1397 1632 fastigio
1421 1555 1772 1633 dignitatem
1792 1556 2137 1618 habiturum
2162 1555 2359 1619 fuisse

286 1638 581 1699 videatur.
648 1637 790 1701 181.
834 1641 967 1699 Hoc
1003 1640 1063 1699 in
1100 1639 1384 1701 omnibus
1413 1642 1556 1701 item
1585 1640 1862 1716 partibus
1887 1638 2182 1703 orationis
2207 1657 2355 1702 eve—

285 1721 398 1796 nit,
436 1731 503 1783 ut
529 1721 845 1785 utilitatem
874 1740 947 1784 ac
976 1741 1174 1800 prope
1203 1723 1634 1785 necessitatem
1670 1723 1940 1786 suavitas
1968 1726 2271 1800 quaedem
2297 1734 2358 1784 et

288 1809 462 1882 lepos
488 1817 922 1884 consequatur.
981 1809 1302 1870 Clausulas
1335 1807 1497 1868 enim
1521 1816 1706 1884 atque
1729 1806 2112 1883 interpuncta
2136 1809 2357 1869 verbo-

285 1907 417 1950 rum
440 1891 682 1952 animae
705 1891 1057 1954 interclusio
1080 1901 1265 1970 atque
1286 1891 1608 1968 angustiae
1632 1889 1883 1967 spiritus
1907 1894 2253 1952 attulerunt.
2285 1892 2354 1951 Id

274 1975 596 2038 inventum
631 1975 714 2038 ita
743 1994 938 2038 suave
993 1987 1117 2048 est,
1152 1985 1247 2051 ut,
1286 1975 1341 2036 si
1365 1975 1463 2038 cui
1482 1975 1561 2036 sit
1582 1975 1853 2037 infinitus
1877 1976 2128 2051 spiritus
2152 1977 2354 2049 datuS‚

284 2071 486 2121 tamen
508 2077 649 2120 eum
672 2070 1041 2136 perpetuare
1065 2062 1257 2121 verba
1281 2058 1567 2122 nolimus.
1599 2061 1668 2119 Id
1683 2059 1844 2120 enim
1859 2060 2109 2121 auribus
2122 2058 2356 2120 nostris

284 2153 522 2220 gratum
557 2151 654 2204 est
687 2144 1033 2218 inventum,
1075 2144 1244 2218 quod
1277 2142 1593 2205 hominum
1627 2142 1917 2204 lateribus
1967 2161 2089 2204 non
2133 2146 2352 2204 tolera-

255 2245 256 2252 *
286 2226 405 2287 bile
438 2228 668 2301 solum,
702 2228 814 2287 sed
848 2227 1031 2289 etiam
1066 2226 1245 2287 facile
1280 2243 1424 2287 esse
1448 2235 1685 2302 posset.
1747 2228 1984 2287 XLVII.
2021 2223 2162 2297 182.
2194 2227 2353 2287 Lon-

283 2309 537 2386 gissima
569 2320 666 2371 est
699 2309 882 2385 igitur
911 2309 1259 2384 complexio
1292 2309 1651 2383 verborum,
1685 2327 1846 2385 quae
1876 2312 2041 2371 volvi
2070 2328 2194 2371 uno
2228 2309 2353 2385 spi-

283 2393 401 2455 ritu
448 2401 671 2468 potest.
738 2393 862 2453 Sed
908 2392 1006 2454 hic
1035 2402 1297 2454 naturae
1335 2393 1557 2455 modus
1591 2404 1713 2467 est,
1751 2393 1909 2456 ‘artis
1957 2393 2132 2455 alius.
2202 2394 2358 2453 Nam

286 2494 473 2552 quum
510 2474 631 2536 sint
659 2475 893 2536 numeri
927 2479 1167 2551 plures,
1203 2478 1468 2537 iambum
1499 2486 1559 2538 et
1587 2477 1944 2539 trochaeum
1972 2479 2358 2554 frequentem

285 2567 572 2636 segregat
604 2560 682 2619 ab
715 2565 957 2621 oratore
988 2559 1385 2634 Aristoteles,
1424 2561 1661 2632 Catule,
1711 2569 1947 2635 vester,
1996 2559 2101 2637 qui
2133 2569 2361 2621 natura

283 2653 482 2706 tamen
530 2641 845 2705 incurrunt
890 2643 1012 2719 ipsi
1054 2643 1116 2704 in
1159 2643 1497 2706 orationem
1535 2661 2007 2720 sermonemque
2041 2653 2357 2716 nostrum3

282 2729 395 2790 sed
428 2737 569 2789 sunt
598 2726 873 2803 instgnes
904 2727 1347 2803 percussiones
1385 2745 1597 2788 eorum
1626 2745 2015 2789 numerorum
2049 2723 2108 2789 et
2136 2727 2360 2788 minuti

165 2849 172 2855 -
282 2813 495 2889 pedes.
561 2811 760 2885 Quare
804 2811 1061 2887 primum
1092 2813 1172 2872 ad
1205 2812 1463 2872 heroum
1491 2827 1609 2871 nos
1655 2810 1909 2889 [dactyli
1942 2820 2002 2872 et
2031 2812 2359 2887 anapaesti

282 2906 341 2957 et
372 2893 657 2970 spondei]
694 2896 916 2969 pedem
944 2894 1190 2957 invitata
1228 2894 1288 2955 in
1328 2911 1449 2970 quo
1475 2893 1726 2969 impune
1749 2894 2038 2971 progredi
2061 2894 2208 2957 licet
2228 2896 2358 2956 duo

281 2982 598 3040 dumtaxat
639 2979 834 3053 pedes
882 2988 987 3039 aut
1036 2980 1240 3053 paullo
1288 2980 1461 3053 pluS,
1508 2996 1586 3038 ne
1631 2981 1812 3054 plane
1859 2977 1920 3038 in
1967 2995 2216 3039 versum
2253 2986 2361 3040 aut

281 3061 734 3124 similitudinem
762 3061 1434 3123 versuumiucidamus.
1493 3064 1718 3123 Altae
1763 3071 1938 3124 sunt
1970 3062 2383 3137 geminae,-

281 3147 571 3223 quibus
598 3178 684 3190 —
711 3145 771 3203 hi
805 3154 927 3205 tres
960 3145 1133 3205 heroi
1162 3146 1359 3220 pedes
1384 3145 1446 3205 in
1474 3144 1775 3221 principia
1800 3144 2358 3207 continuandorum

282 3231 606 3290 verborum
642 3228 792 3289 satis
822 3230 1050 3289 decore
1085 3229 1328 3292 cadunt.
1402 3227 1543 3292 183.
1586 3229 1879 3291 Probatur
1906 3238 2108 3291 autem
2138 3231 2218 3289 ab
2251 3247 2363 3296 eor

280 3314 422 3373 dem
453 3312 557 3372 illo
592 3312 857 3372 maxime
893 3328 1128 3387 paeon,
1172 3311 1278 3387 qui
1323 3322 1421 3374 est
1463 3313 1727 3387 duplex:
1771 3330 1911 3373 nam
1954 3321 2059 3374 aut
2100 3329 2139 3373 a
2171 3314 2358 3388 longa

272 3396 500 3465 oritur,
534 3410 716 3469 quam
747 3405 871 3457 tres
900 3397 1124 3457 breves
1155 3406 1647 3470 consequuntur,
1684 3405 1750 3457 ut
1778 3397 1934 3458 haec
1964 3397 2183 3466 verba,
2225 3398 2383 3468 def.

282 3476 555 3539 sinite.
588 3476 952 3555 ircipite‚
982 3478 1508 3556 comprimitez
1541 3490 1646 3541 aut
1675 3498 1712 3540 a
1738 3479 2032 3541 brevibus
2056 3481 2354 3549 deinceps
