2622 3908
327 253 448 314 142
1118 252 1221 312 DE
1263 252 1628 314 ORATORE

326 402 407 465 tio
439 402 638 477 dabit,
665 420 746 463 ex
782 420 904 479 qua
934 405 1319 465 consuetudo
1352 403 1634 480 gignitur,
1666 412 1728 466 et
1755 404 2039 466 similium
2073 408 2391 470 verborum

324 503 630 548 conversa
657 494 717 547 et
743 485 1055 548 immutata
1084 486 1334 547 casibus
1365 497 1470 548 aut
1501 489 1776 549 traducta
1804 506 1884 548 ex
1908 496 2077 564 parte
2099 491 2181 550 ad
2204 507 2404 565 genus

323 571 552 631 notatio
596 579 658 630 et
700 572 881 631 unius
930 570 1098 631 verbi
1144 570 1408 646 imagine
1451 571 1638 633 totius
1680 571 2018 633 sententiae
2052 572 2402 637 informatio

324 653 579 730 pictoris
626 655 945 715 cuiusdam
987 654 1208 714 summi
1250 654 1488 716 ratione
1523 666 1584 716 et
1617 657 1800 716 modo
1840 657 2169 716 formarum
2200 659 2402 718 varie·

326 747 445 799 tate
472 739 644 798 locos
669 738 1118 812 distinguentis.
1181 739 1554 799 LXXXVIII.
1596 738 1740 800 359.
1776 739 1900 800 Sed
1923 740 2250 801 verborum
2274 758 2404 801 me-

324 820 550 895 moria,
601 838 759 896 quae
795 822 996 882 minus
1032 830 1127 882 est
1162 821 1341 882 nobis
1377 822 1761 896 necessaria,
1806 822 2038 883 maiore
2067 823 2402 897 imaginum

324 903 617 965 varietate
661 904 1069 979 distinguitur.
1139 905 1328 966 Multa
1372 904 1535 965 enim
1577 914 1719 966 sunt
1761 907 1982 979 verba,
2020 924 2178 981 quae
2217 907 2402 981 quasi

322 986 559 1050 articuli
591 994 922 1047 conectunt
970 989 1242 1049 membra
1294 991 1614 1063 orationis,
1652 1006 1813 1066 quae
1845 989 2091 1050 formari
2123 989 2401 1052 similitu·

323 1072 465 1132 dine
501 1073 666 1131 nulla
703 1079 994 1145 possunt3
1047 1088 1260 1132 eorum
1309 1073 1635 1147 fingendae
1674 1082 1820 1135 sunt
1870 1072 2049 1134 nobis
2078 1072 2402 1150 imagineS,

325 1156 549 1231 quibus
581 1172 827 1229 semper
850 1164 1107 1216 utamur.
1149 1157 1373 1215 Rerum
1397 1156 1691 1216 memoria
1713 1156 1964 1232 propria
1985 1163 2080 1217 est
2101 1157 2399 1230 oratoris;

323 1257 458 1300 eam
490 1238 746 1314 singulis
779 1239 1065 1315 personis
1093 1240 1252 1299 bene
1282 1239 1502 1315 positis
1532 1248 1743 1301 notare
1774 1256 2128 1314 possumUS,
2159 1250 2225 1301 ut
2256 1258 2399 1302 sen-

325 1322 543 1384 tentias
567 1322 953 1397 imaginibuS,
978 1322 1252 1384 ordinem
1276 1322 1430 1384 locis
1454 1325 2063 1398 comprehendamus,
2104 1323 2248 1385 360.
2278 1326 2395 1384 Ne-

324 1423 446 1481 que
476 1422 689 1466 verum
719 1414 831 1482 est,
868 1409 1036 1481 quod
1058 1407 1135 1465 ab
1158 1406 1455 1466 inertibus
1490 1406 1722 1479 dicitur,
1756 1406 2020 1484 opprimi
2042 1407 2396 1470 memoriam

326 1488 649 1563 imaginum
682 1491 956 1563 pondere
986 1498 1047 1550 et
1078 1489 1395 1550 obscurari
1424 1491 1603 1551 etiam
1631 1489 1726 1564 id,
1755 1492 1923 1566 quod
1948 1507 2059 1566 per
2080 1508 2151 1552 se
2178 1500 2394 1556 natura

325 1581 532 1634 tenere
563 1571 888 1646 potuisset.
962 1571 1106 1632 Vidi
1138 1572 1297 1632 enim
1329 1590 1445 1648 ego
1481 1591 1753 1635 summos
1787 1574 2066 1635 homines
2098 1583 2159 1635 et
2186 1573 2394 1635 divina

324 1673 522 1732 prope
554 1655 875 1730 memoria,
907 1654 1166 1716 Athenis
1198 1655 1626 1732 Charmadam,
1662 1656 1724 1717 in
1755 1657 1936 1732 Asia,
1973 1674 2155 1734 quem
2182 1658 2397 1719 vivere

322 1739 508 1801 hodie
551 1739 748 1812 aiunt,
796 1739 1120 1815 Scepsium
1149 1741 1599 1815 Metrodorum,
1646 1759 1906 1816 quorum
1946 1751 2204 1817 uterque
2245 1751 2394 1802 tam-

325 1841 507 1900 quam
549 1823 763 1885 litteris
807 1824 868 1883 in
912 1840 1084 1896 cera,
1130 1823 1220 1885 sic
1264 1841 1334 1884 se
1377 1824 1578 1886 aiebat
1619 1824 1983 1900 imaginibus
2014 1825 2075 1884 in
2104 1824 2181 1885 iis
2216 1824 2396 1900 locis,

326 1925 483 1985 quos
508 1908 788 1984 haberet,
822 1924 981 1985 quae
1004 1907 1357 1969 meminisse
1378 1910 1590 1982 vellet,
1614 1908 2012 1986 perscribere.
2056 1909 2254 1984 Quare
2279 1909 2395 1971 hac

324 1991 760 2055 exercitatione
783 2010 907 2054 non
933 1994 1207 2054 eruenda
1226 1992 1519 2054 memoria
1539 2000 1660 2067 est,
1693 1993 1748 2053 si
1770 2001 1866 2054 est
1887 1996 2053 2054 nulla
2069 1993 2397 2064 naturalis;

323 2078 436 2137 sed
468 2086 663 2149 certe,
700 2076 753 2138 si
784 2080 953 2151 latet,
987 2077 1309 2138 evocanda
1341 2085 1452 2136 est.

489 2160 633 2222 361.
679 2159 929 2221 Habetis
966 2177 1310 2222 sermonem
1344 2161 1501 2220 bene
1541 2161 1789 2235 longum
1825 2160 2118 2232 hominiS,
2165 2159 2400 2222 utinam

326 2260 446 2309 non
489 2242 893 2318 impudentis!
941 2242 1090 2304 illud
1128 2242 1376 2319 quidem
1412 2252 1603 2316 certe,
1652 2260 1776 2304 non
1813 2243 1992 2305 nimis
2030 2243 2401 2316 verecundi3

325 2326 429 2403 qui
462 2326 737 2401 quidem,
770 2344 957 2401 quum
985 2335 1075 2400 te,
1108 2327 1348 2400 Catule,
1380 2335 1502 2387 tum
1534 2327 1713 2388 etiam
1743 2329 1808 2387 L.
1836 2329 2057 2389 Crasso
2088 2328 2401 2403 audiente,

324 2413 402 2471 de
445 2409 691 2469 dicendi
733 2409 967 2469 ratione
1011 2418 1132 2470 tam
1174 2412 1361 2470 multa
1405 2410 1694 2484 dixerim;
1739 2429 1879 2471 nam
1921 2411 2178 2472 istorum
2220 2419 2403 2472 aetas

326 2493 524 2553 minus
556 2508 651 2552 me
683 2493 946 2553 fortasse
975 2511 1225 2555 movere
1258 2494 1485 2556 debuit.
1546 2494 1673 2556 Sed
1704 2494 1851 2555 mihi
1881 2494 2216 2571 ignoscetis
2247 2512 2399 2570 pro-

323 2578 504 2649 fecto,
538 2576 590 2636 si
621 2577 825 2650 modo,
858 2594 1016 2653 quae
1047 2595 1237 2639 causa
1264 2595 1362 2638 me
1393 2580 1473 2637 ad
1501 2578 1657 2638 hanc
1682 2578 1986 2640 insolitam
2009 2577 2154 2638 mihi
2179 2578 2404 2653 loqua-

323 2660 564 2722 citatem
590 2659 921 2737 impulerit‚
952 2661 1335 2738 acceperitis.
1398 2662 1710 2721 LXXXIX.
1754 2661 1898 2724 362.
1937 2663 2063 2723 Nos
2096 2678 2275 2734 vero,
2306 2661 2406 2721 in-

327 2745 456 2823 quit
485 2744 731 2806 Catulus
759 2780 845 2790 —
873 2745 1092 2807 etenim
1116 2763 1228 2822 pro
1253 2761 1351 2804 me
1377 2746 1493 2806 hoc
1523 2755 1584 2806 et
1613 2762 1724 2821 pro
1756 2763 1893 2807 meo
1926 2748 2110 2806 fratre
2136 2761 2404 2820 respon·

324 2831 441 2893 deo
469 2863 555 2873 —
582 2847 703 2890 non
729 2832 913 2891 modo
939 2829 1045 2890 tibi
1068 2829 1477 2904 ignoscimus,
1521 2830 1635 2889 sed
1665 2836 1722 2890 te
1754 2829 2058 2905 diligimus
2090 2845 2406 2903 magnam-

322 2929 446 2988 que
469 2911 574 2972 tibi
598 2913 897 2974 habemus
920 2912 1202 2988 gratiam3
1236 2923 1297 2974 et
1321 2930 1506 2987 quum
1530 2912 1962 2973 humanitatem
1975 2912 2404 2973 etfacilitatem

322 2997 718 3071 agnoscimus
749 3007 913 3057 tuam
946 3006 1070 3058 tum
1098 2997 1470 3058 admiramur
1498 2995 1675 3057 istam
1708 2995 2024 3058 scientiam
2047 3005 2110 3057 et
2131 2995 2402 3071 copiam.

324 3079 622 3155 Equidem
646 3079 826 3141 etiam
849 3082 968 3142 hoc
992 3097 1088 3141 me
1111 3082 1472 3142 adsecutum
1495 3089 1663 3156 puto,
1696 3082 1865 3156 quod
1892 3097 2113 3156 magno
2146 3096 2285 3141 sum
2314 3082 2402 3141 le-

327 3173 500 3226 vatus
537 3181 746 3225 errore
782 3173 843 3225 et
879 3163 983 3224 illa
1022 3164 1424 3225 admiratione
1456 3164 1781 3237 liberatuS,
1818 3164 1987 3239 quod
2022 3165 2227 3224 multis
2259 3179 2406 3224 cum

322 3248 458 3309 aliis
497 3266 744 3324 semper
785 3247 1073 3308 admirari
1119 3249 1423 3321 solebam,
1468 3248 1633 3308 unde
1673 3257 1843 3309 esset
1870 3247 1975 3307 illa
2005 3255 2172 3308 tanta
2201 3255 2307 3307 tua
2337 3245 2404 3307 in

325 3330 532 3393 causis
569 3331 880 3393 divinitas.
943 3333 1068 3392 Nec
1098 3330 1258 3391 enim
1286 3340 1348 3393 te
1378 3330 1497 3392 ista
1525 3331 1800 3407 attigisse
1830 3330 2196 3405 arbitrabar,
2238 3347 2406 3405 quae

324 3414 786 3487 diligentissime
817 3432 1125 3489 cognosse
1154 3424 1214 3475 et
1234 3414 1509 3490 undique
1533 3414 1862 3490 collegisse
1884 3431 2125 3487 usuque
2149 3415 2405 3475 doctum

326 3494 546 3569 partim
576 3497 924 3559 correxisse
953 3497 1167 3571 video,
1212 3496 1431 3574 partim
1462 3498 1922 3573 comprobasse.
1993 3495 2139 3559 363.
2183 3498 2408 3573 Neque
