2622 3908
319 258 400 321 68
1083 251 1186 310 DE
1231 248 1597 310 ORATORE

320 434 386 487 ut
414 423 545 485 heri
573 424 836 485 Crassus
862 418 1122 490 dicebat,
1148 416 1378 493 optime
1402 421 1611 492 potest
1638 411 1862 484 dicere,
1890 411 1980 472 sic
2004 418 2380 471 caeterarum

319 508 539 569 artium
569 506 848 567 homines
881 501 1157 563 ornatius
1185 501 1290 561 illa
1320 516 1435 560 sua
1468 497 1706 569 dicunt,
1740 495 1794 557 si
1824 495 1972 571 quid
2003 495 2081 554 ab
2113 494 2229 555 hac
2256 501 2382 554 arte

320 591 684 653 didicerunt.
765 587 867 649 38.
925 587 1142 660 Neque
1184 583 1344 643 enim
1384 582 1436 642 si
1480 583 1559 643 de
1598 579 1846 641 rusticis
1887 580 2075 640 rebus
2118 577 2386 654 agricola

321 674 625 751 quispiam
655 679 764 733 aut
793 669 993 741 etiam,
1025 668 1089 728 id
1113 669 1283 743 quod
1309 666 1495 738 multi,
1526 665 1802 725 medicus
1833 665 1912 723 de
1940 661 2171 722 morbis
2201 668 2307 721 aut
2334 659 2385 720 si

322 761 400 819 de
431 757 745 835 pingendo
777 753 980 831 pictor
1013 751 1232 826 aliquis
1266 751 1496 810 diserte
1528 747 1846 823 scripserit
1879 754 1986 807 aut
2020 745 2270 816 dixerit,
2303 743 2384 803 id-

321 843 485 904 circo
517 840 678 901 illius
708 838 854 899 artis
884 837 1160 912 putanda
1189 843 1285 895 est
1307 832 1692 908 eloquentia3
1722 831 1782 891 in
1808 848 1947 906 qua,
1979 829 2123 905 quia
2152 829 2245 889 vis
2268 844 2387 887 ma-

320 943 443 1002 gna
475 923 659 986 estin
700 921 1012 982 hominum
1043 917 1337 994 ingenim,
1380 933 1455 977 eo
1500 914 1670 975 multi
1713 915 1894 975 etiam
1936 914 2071 974 sine
2112 911 2388 973 doctrina

321 1009 554 1085 aliquid
595 1005 861 1067 omnium
903 1019 1196 1078 generum
1246 1008 1434 1075 atque
1472 999 1693 1059 artium
1732 1004 2229 1072 consequuntur3
2259 996 2386 1068 sed,

326 1094 474 1169 quid
505 1091 807 1166 cuiusque
837 1087 916 1149 sit
943 1086 1281 1163 proprium,
1304 1083 1420 1144 etsi
1451 1100 1526 1143 ex
1560 1098 1635 1142 eo
1659 1081 1915 1142 iudicari
1947 1088 2172 1155 potest,
2204 1095 2386 1152 quum

323 1175 586 1246 videris,
623 1174 773 1249 quid
814 1186 1099 1248 quaeque
1128 1170 1383 1241 doceat,
1425 1174 1629 1227 tamen
1659 1167 1779 1226 hoc
1811 1165 2039 1226 certius
2072 1179 2216 1223 esse
2243 1161 2387 1222 nihil

323 1267 560 1338 potest,
605 1274 788 1334 quam
819 1256 987 1331 quod
1019 1269 1234 1314 omnes
1265 1258 1431 1312 artes
1470 1249 1628 1310 aliae
1667 1249 1802 1309 sine
1832 1248 2188 1324 eloquentia
2214 1262 2385 1310 suum

323 1336 546 1405 muniis
585 1348 908 1417 praestare
951 1344 1248 1414 possunt,
1294 1342 1505 1395 orator
1552 1332 1685 1393 sine
1728 1349 1802 1392 ea
1847 1348 2069 1394 nomen
2119 1329 2387 1391 obtinere

324 1445 506 1488 suurn
548 1442 671 1485 non
702 1429 940 1499 potest3
992 1429 1060 1482 ut
1090 1419 1350 1491 caeteri,
1390 1418 1444 1478 si
1474 1416 1684 1478 diserti
1714 1416 1865 1489 sint,
1908 1414 2140 1488 aliquid
2169 1414 2244 1473 ab
2274 1413 2391 1474 hoc

322 1510 620 1580 habeant,
666 1507 792 1578 hic,
831 1505 947 1565 nisi
991 1501 1348 1566 domesticis
1390 1517 1462 1561 se
1495 1497 1854 1561 instruxerit
1889 1498 2117 1574 copiis.
2148 1497 2391 1558 aliunde

324 1591 568 1653 dicendi
598 1589 840 1664 copiam
869 1596 1082 1664 petere
1112 1603 1237 1646 non
1267 1584 1489 1661 possit.

487 1674 559 1734 X.
617 1671 718 1734 39.
764 1672 914 1735 Tum
945 1674 1212 1735 Catulus:
1254 1673 1413 1745 Etsi,
1446 1673 1669 1748 inquit,
1701 1674 1961 1747 Antoni,
2003 1670 2253 1733 minime
2286 1671 2390 1732 im-

321 1758 669 1837 pediendus
706 1767 803 1818 est
830 1756 1319 1832 interpellatione
1352 1754 1469 1816 iste
1501 1772 1719 1817 cursus
1751 1755 2044 1819 orationis
2074 1764 2243 1830 tuae,
2287 1773 2391 1833 pa-

321 1841 471 1903 tiere
503 1848 703 1901 tamen
734 1838 1003 1915 mihique
1032 1839 1341 1916 ignosces.
1398 1840 1557 1899 Non
1588 1838 1788 1900 enim
1819 1848 2138 1915 possum
2210 1839 2394 1914 quin

324 1924 770 1999 exclamem,
814 1933 876 1986 ut
919 1922 1002 1984 ait
1043 1923 1144 1986 ille
1174 1923 1234 1985 in
1265 1922 1643 1985 Trinummo:
1687 1921 1771 1984 ita
1807 1922 2067 1985 oratoris
2096 1921 2241 1983 mihi
2272 1924 2395 1983 vim

324 2025 512 2085 quum
541 2008 884 2084 exprimere
916 2008 1215 2069 subtiliter
1243 2008 1417 2069 visus
1447 2026 1546 2082 eS,
1594 2017 1720 2069 tum
1754 2009 2007 2068 laudare
2037 2006 2395 2083 copiosissi—

324 2110 450 2164 me3
488 2093 656 2169 quod
693 2091 940 2167 quidem
970 2094 1359 2166 eloquentem
1389 2094 1489 2152 vel
1519 2091 1748 2167 optime
1779 2092 1982 2152 facere
2019 2099 2289 2166 oportet,
2331 2099 2399 2152 ut

323 2175 735 2251 eloquentiam
765 2176 1001 2245 laudet;
1034 2176 1218 2235 debet
1247 2174 1409 2234 enim
1436 2175 1517 2234 ad
1544 2192 1679 2235 eam
1708 2175 2077 2235 laudandam
2098 2172 2299 2250 ipsam
2327 2174 2393 2234 il-

325 2262 446 2320 lam
474 2258 798 2331 adhibere,
833 2274 1017 2333 quam
1044 2259 1272 2318 laudat.
1330 2257 1456 2317 Sed
1489 2274 1677 2334 perge
1705 2275 1927 2334 porro;
1963 2257 2069 2320 tibi
2102 2257 2261 2319 enim
2290 2259 2404 2319 ad-

324 2341 555 2403 sentior
603 2351 874 2404 vestrum
924 2358 1067 2402 esse
1117 2341 1236 2402 hoc
1287 2348 1481 2402 totum
1533 2340 1761 2405 diserte
1812 2341 2050 2414 dicere,
2104 2340 2294 2418 idque
2344 2340 2398 2403 si

327 2425 466 2502 quis
497 2425 559 2485 in
589 2416 709 2486 alia
739 2435 866 2487 arte
900 2425 1108 2497 faciat,
1142 2443 1283 2486 eum
1310 2426 1638 2501 adsumpto
1665 2425 1911 2486 aliunde
1935 2426 2020 2487 uti
2042 2426 2240 2500 bono,
2271 2442 2400 2487 non

325 2508 578 2586 proprio
613 2525 725 2569 nec
758 2526 891 2569 suo.
953 2507 1054 2569 40.
1096 2509 1172 2570 Et
1203 2510 1482 2571 Crassus:
1516 2511 1651 2569 Nox
1682 2518 1759 2583 te,
1790 2508 2005 2586 inquit,
2038 2508 2237 2584 nobis,
2271 2511 2400 2569 An-

327 2590 482 2662 toni,
529 2591 826 2667 expolivit
863 2591 1297 2668 hominemque
1340 2592 1623 2654 reddidit.
1710 2594 1860 2653 Nam
1920 2593 2210 2654 hesterno
2271 2610 2401 2654 ser-

326 2692 507 2737 mone
551 2676 730 2736 unius
762 2675 1082 2738 cuiusdam
1113 2676 1409 2752 operiS‚
1454 2685 1521 2737 ut
1554 2676 1637 2738 ait
1669 2675 2003 2752 CaeciliuS,
2030 2676 2399 2752 remigem

326 2758 668 2835 aliquem
709 2768 840 2821 aut
880 2759 1222 2821 baiulum
1256 2759 1436 2821 nobis
1468 2769 1770 2822 oratorem
1798 2760 2261 2836 descripseras,
2309 2758 2403 2820 in-

327 2861 508 2919 opem
550 2845 875 2919 quemdam
916 2843 1303 2905 humanitatis
1344 2851 1530 2918 atque
1573 2842 1957 2906 inurbanum.
2028 2845 2177 2905 Tum
2205 2846 2406 2905 Anto-

327 2928 495 2988 nius:
539 2927 682 2986 Heri
727 2926 918 2998 enim,
964 2926 1191 3002 inquit,
1232 2927 1352 2988 hoc
1395 2926 1541 2987 mihi
1582 2944 2062 3003 proposueram,
2105 2936 2199 3000 ut,
2249 2925 2302 2987 si
2342 2934 2409 2989 te

327 3009 718 3083 refellissem,
767 3012 882 3072 hos
913 3010 1027 3071 abs
1055 3016 1114 3070 te
1148 3008 1487 3086 discipulos
1516 3011 1915 3085 abducerem3
1959 3028 2151 3085 nunc,
2186 3012 2406 3072 Catulo

329 3093 613 3157 audiente
643 3102 704 3155 et
738 3094 1029 3167 Caesare,
1077 3093 1293 3155 videor
1325 3094 1551 3154 debere
1586 3112 1708 3155 non
1741 3105 1860 3157 tam
1894 3111 2170 3171 pugnare
2197 3105 2405 3155 tecum

334 3195 513 3255 quam
543 3175 691 3252 quid
721 3175 858 3252 ipse
895 3175 1154 3238 sentiam
1184 3177 1410 3237 dicere.

493 3260 597 3322 41.
642 3259 932 3336 Sequitur
960 3259 1171 3335 igitur,
1221 3260 1509 3335 quoniam
1537 3261 1715 3322 nobis
1746 3271 1842 3323 est
1868 3261 1999 3336 hic,
2048 3263 2126 3322 de
2158 3279 2280 3337 quo
2310 3264 2406 3323 lo-

331 3342 597 3419 quimur,
654 3342 717 3403 in
763 3344 895 3405 soro
940 3352 1126 3418 atque
1169 3343 1230 3402 in
1275 3343 1469 3404 oculis
1522 3343 1746 3405 civium
1790 3343 2290 3420 constituenduS,
2339 3354 2408 3407 ut

331 3426 679 3499 videamuS,
724 3425 874 3502 quid
917 3425 973 3487 ei
1023 3426 1251 3502 negotii
1302 3427 1518 3488 demus
1563 3426 1783 3502 cuique
1816 3444 1953 3489 eum
1985 3430 2219 3490 muneri
2250 3428 2412 3489 veli-

331 3524 468 3568 mus
498 3524 643 3569 esse
672 3508 1112 3584 praepositum.
1185 3509 1337 3569 Nam
1374 3512 1634 3571 Crassus
1673 3511 1833 3582 heri,
1880 3530 2068 3588 quum
2095 3530 2243 3584 voa,
2290 3512 2410 3573 Ca-
