2622 3908
304 221 389 281 94
796 286 799 289 ,
1080 219 1182 278 DE
1230 216 1595 278 ORATORE

302 370 561 445 Antoni,
590 387 714 431 non
745 370 987 431 aberrat
1023 367 1216 430 oratio
1248 377 1384 443 tua,
1415 366 1550 429 sive
1583 376 1650 429 tu
1672 367 2065 430 similitudine
2092 365 2254 428 illius
2281 368 2372 428 di-

299 452 425 514 vini
470 451 700 529 ingenii
743 450 806 513 in
852 453 1070 513 eadem
1110 451 1372 512 incurris
1416 450 1679 527 vestigia
1712 451 1844 512 sive
1883 450 2064 512 etiam
2095 448 2200 510 illa
2230 449 2374 526 ipsa

302 537 500 613 legisti
531 535 1047 612 atquedidicisti,
1097 536 1267 612 quod
1315 533 1563 610 quidem
1603 534 1750 595 mihi
1780 533 1975 610 magis
2007 533 2140 594 veri
2173 533 2371 595 simile

300 620 558 681 videtur.
636 620 779 681 Plus
815 618 976 680 enim
1010 627 1071 680 te
1104 634 1334 695 operae
1366 617 1617 679 Graecis
1653 616 1905 679 dedisse
1939 618 2127 679 rebus
2160 616 2369 690 video,

299 721 481 780 quam
527 700 906 779 putaramus.
989 701 1132 764 153.
1185 702 1335 761 Tum
1377 700 1508 774 ille,
1559 704 1821 776 Verum,
1875 699 2099 777 inquit,
2150 717 2230 761 ex
2273 717 2373 760 me

298 787 548 862 audies,
583 788 811 848 Catule.
889 786 1151 861 Semper
1182 800 1299 860 ego
1325 783 1673 845 existimavi
1695 783 2119 846 iucundiorem
2141 792 2204 846 et
2225 800 2371 860 pro-

296 870 657 931 babiliorem
699 868 842 930 huic
886 869 1119 944 populo
1164 876 1467 929 oratorem
1515 869 1680 944 fore,
1729 868 1835 944 qui
1881 866 2141 944 primum
2186 884 2371 943 quam

299 953 604 1015 minimam
633 950 872 1013 artificii
906 951 1196 1024 alicuiuS,
1234 951 1461 1011 deinde
1493 952 1723 1013 nullam
1757 952 2128 1013 Graecarum
2164 967 2371 1012 rerum

298 1034 807 1113 significationem
852 1036 1041 1095 daret.
1104 1036 1311 1111 Atque
1357 1050 1473 1109 ego
1517 1034 1680 1095 idem
1725 1034 2071 1097 existimavi
2106 1034 2369 1110 pecudis

298 1138 475 1196 esse,
527 1136 652 1180 non
703 1116 999 1192 hominis,
1052 1135 1241 1195 quum
1297 1125 1498 1180 tantas
1547 1136 1650 1180 res
1698 1117 1917 1180 Graeci
1963 1119 2369 1195 susciperent,

297 1203 760 1281 profiterentur,
798 1210 1051 1277 agerent
1102 1215 1300 1277 seque
1365 1210 1427 1261 et
1486 1200 1733 1264 videndi
1763 1219 1867 1263 res
1892 1200 2371 1263 obscurissimas

296 1296 357 1349 et
396 1288 558 1348 bene
603 1284 850 1347 vivendi
884 1294 945 1347 et
977 1288 1237 1362 copiose
1268 1284 1514 1347 dicendi
1556 1285 1855 1348 rationem
1889 1286 2142 1347 daturos
2174 1285 2371 1346 homi-

298 1371 479 1431 nibus
510 1368 973 1445 pollicerentur,
1021 1386 1146 1430 non
1190 1370 1526 1431 admovere
1558 1386 1767 1430 aurem
1799 1378 1889 1444 et,
1934 1368 1987 1430 si
2022 1369 2224 1445 palam
2259 1386 2365 1430 au-

300 1453 430 1513 dire
465 1469 577 1512 eos
610 1467 733 1511 non
764 1452 1062 1524 audereS,
1115 1468 1194 1512 ne
1239 1452 1548 1513 minueres
1582 1454 1750 1529 apud
1783 1460 1922 1514 tuos
1955 1450 2125 1514 cives
2157 1461 2369 1513 aucto-

294 1535 531 1597 ritatem
572 1542 767 1607 tuam,
818 1534 1342 1596 subauscultando
1374 1545 1575 1596 tamen
1612 1535 1902 1611 excipere
1928 1552 2122 1597 voces
2155 1552 2371 1597 eorum

296 1629 356 1680 et
398 1619 614 1694 procul
655 1616 806 1692 quid
837 1625 1151 1679 narrarent
1179 1619 1515 1679 attendere.
1583 1620 1797 1696 Itaque
1830 1621 1978 1695 feci,
2018 1620 2256 1693 Catule,
2307 1623 2373 1678 et

297 1702 550 1763 istorum
597 1698 869 1762 omnium
913 1700 1257 1762 summatim
1307 1717 1532 1763 causas
1577 1711 1637 1765 et
1678 1720 1906 1779 genera
1934 1702 2073 1779 ipsa
2101 1701 2369 1779 gustavi.

293 1786 590 1847 XXXVII.
636 1782 780 1846 154.
823 1785 1025 1846 Valde
1071 1786 1352 1860 hercule,
1394 1784 1595 1861 inquit
1635 1788 1882 1849 Catulus
1900 1833 1915 1861 ‚
1966 1785 2173 1848 timide
2217 1794 2363 1848 tam-

297 1887 480 1946 quam
525 1870 607 1929 ad
653 1867 921 1945 aliquem
963 1867 1234 1930 libidinis
1283 1872 1610 1946 scopulum
1655 1870 1747 1932 sic
1792 1880 1958 1934 tuam
1988 1879 2252 1933 mentem
2286 1870 2367 1931 ad

295 1951 750 2035 philosophiam
781 1952 1107 2030 appulisti,
1152 1970 1341 2029 quarn
1382 1953 1536 2017 haec
1573 1953 1790 2017 civitas
1822 1965 2151 2031 aspernata
2194 1972 2365 2016 num-

297 2056 477 2123 quam
523 2046 638 2100 est.
702 2039 854 2099 Nam
902 2046 964 2099 et
1007 2039 1234 2099 referta
1278 2039 1592 2113 quondam
1633 2037 1804 2101 Italia
1842 2039 2367 2114 Pythagoreorum

294 2122 403 2184 l'uit
448 2131 606 2196 turn,
656 2139 843 2198 quum
886 2129 1019 2183 erat
1063 2121 1126 2182 in
1167 2122 1284 2182 hac
1330 2131 1514 2197 gente
1559 2138 1778 2197 magna
1811 2120 1914 2180 illa
1949 2117 2239 2191 Graecia3
2285 2138 2369 2181 ex

294 2223 417 2282 quo
462 2205 644 2266 etiam
676 2204 924 2280 quidam
951 2206 1207 2266 Numam
1239 2203 1631 2281 Pompilium,
1677 2219 1884 2277 regem
1920 2210 2224 2275 nostrum,
2273 2204 2368 2264 ru-

290 2289 419 2352 isse
449 2288 902 2365 Pythagoreum
933 2289 1165 2364 ferunt,
1199 2287 1303 2364 qui
1333 2285 1512 2347 annis
1536 2294 1677 2347 ante
1701 2284 2018 2361 permultis
2043 2282 2366 2362 tunquam

292 2371 429 2447 ipse
457 2371 870 2449 Pythagoras:
919 2389 1042 2447 quo
1088 2371 1270 2434 etiam
1299 2370 1494 2431 maior
1525 2369 1618 2430 vir
1646 2370 1968 2430 habendus
2002 2378 2129 2443 est,
2176 2388 2365 2445 quum

290 2453 453 2515 illam
499 2453 863 2530 sapientiam
907 2454 1375 2517 constituendae
1421 2453 1684 2516 civitatis
1720 2454 1963 2515 duobus
1993 2468 2194 2529 prope
2229 2471 2364 2515 sae-

291 2537 446 2599 culis
477 2546 619 2599 ante
642 2537 962 2613 cognovit,
997 2556 1181 2616 quam
1204 2556 1341 2600 eam
1367 2537 1585 2601 Graeci
1607 2547 1810 2599 natam
1833 2554 1978 2600 esse
2003 2546 2361 2608 senserunt;

292 2628 352 2683 et
397 2631 562 2683 certe
605 2639 731 2682 non
778 2620 914 2684 tulit
942 2623 1104 2686 ulios
1138 2623 1291 2683 haec
1322 2622 1539 2685 civitas
1570 2631 1677 2685 aut
1705 2620 1901 2698 gloria
1935 2621 2227 2682 clariores
2261 2630 2367 2682 aut

289 2704 648 2767 auctoritate
692 2705 1011 2782 graviores
1053 2713 1157 2767 aut
1186 2705 1558 2768 humanitate
1592 2706 1911 2782 politiores
1944 2705 2007 2764 Ρ.
2042 2703 2362 2778 Africano,

289 2790 352 2850 C.
386 2789 629 2866 Laelio,
668 2791 736 2850 L.
766 2790 984 2864 Furio,
1043 2788 1149 2866 qui
1204 2805 1417 2850 secum
1461 2789 1910 2851 eruditissimos
1955 2786 2238 2849 homines
2285 2804 2365 2849 ex

291 2874 545 2933 Graecia
592 2875 796 2949 palam
840 2889 1087 2949 semper
1117 2872 1480 2932 habuerunt.
1553 2870 1693 2937 155.
1738 2875 1944 2948 Atque
1975 2888 2093 2948 ego
2128 2872 2249 2932 hoc
2285 2888 2367 2931 ex

288 2953 361 3014 iis
423 2970 614 3030 saepe
676 2957 914 3032 audivi,
996 2973 1186 3032 quum
1230 2954 1506 3017 dicerent
1548 2965 1901 3032 pergratum
1946 2953 2366 3016 Athenienses

288 3049 348 3101 et
390 3037 507 3100 sibi
548 3039 779 3100 fecisse
827 3046 886 3100 et
932 3037 1137 3101 multis
1173 3036 1555 3114 principibus
1589 3038 1882 3114 civitatis,
1931 3039 2130 3115 quod,
2177 3055 2367 3115 quum

288 3124 367 3184 ad
411 3131 693 3184 senatum
733 3125 971 3199 legatos
1022 3124 1101 3184 de
1146 3121 1277 3184 suis
1322 3121 1601 3184 maximis
1644 3124 1831 3184 rebus
1861 3123 2194 3196 mitterent,
2235 3131 2367 3183 tres

290 3206 448 3269 illius
474 3206 693 3269 aetatis
720 3206 1139 3269 nobilissimos
1162 3205 1573 3282 philosophos
1600 3203 1944 3276 misissent,
1985 3205 2366 3274 Carneadem

288 3300 347 3351 et
381 3289 708 3352 Critolaum
738 3299 800 3353 et
830 3289 1188 3366 Diogenem.
1253 3290 1469 3364 Itaque
1500 3305 1643 3363 eoS,
1681 3289 1828 3351 dum
1861 3290 2095 3350 Romae
2129 3296 2366 3362 essent,

287 3382 346 3433 et
392 3390 428 3433 a
476 3391 543 3436 se
576 3384 636 3436 et
668 3376 746 3436 ab
778 3373 917 3435 aliis
950 3376 1304 3449 frequenter
1332 3370 1608 3442 auditos;
1655 3388 1817 3447 quos
1861 3382 1925 3435 tu
1956 3388 2142 3447 quum
2172 3371 2363 3432 habe-

288 3470 387 3514 res
430 3465 748 3524 auctores,
788 3455 1042 3529 Antoni,
1087 3453 1275 3515 miror
1315 3472 1425 3515 cur
1466 3453 1899 3532 philosophiae
1945 3454 2103 3516 sicut
2130 3454 2365 3516 Zethus
