2622 3908
350 212 467 271 122
1131 214 1230 271 DE
1267 210 1633 273 ORATORE

348 378 720 439 fornicem
749 377 1156 438 Fabianum
1186 379 1651 438 demitteret.
1705 377 1798 435 Ex
1828 393 1950 450 quo
1981 392 2208 452 genere
2235 376 2410 435 etiam

347 462 495 521 illud
526 471 638 531 est,
672 463 842 535 quod
865 461 1069 536 Scipio
1104 464 1270 538 apud
1291 461 1693 530 Numantiam,
1720 477 1905 534 quum
1930 460 2409 520 stomacharetur

348 561 484 604 cum
511 547 573 605 C.
598 546 863 618 Metello,
897 545 1132 605 dixisse
1156 545 1403 605 dicitur:
1448 545 1524 606 Si
1555 544 1898 619 quintum
1925 555 2246 619 pareret
2270 559 2409 601 ma·

346 638 462 688 ter
492 628 690 694 eius,
716 628 1016 688 asinum
1052 630 1301 689 fuisse
1340 628 1778 701 parituram.
1812 627 1953 687 268.
1978 633 2214 701 Arguta
2239 626 2407 686 etiam

346 713 708 789 significatio
754 725 879 786 est,
922 730 1110 787 quum
1147 730 1341 788 parva
1381 729 1448 772 re
1484 723 1546 772 et
1575 729 1767 787 saepe
1798 715 1984 772 verbo
2014 729 2115 772 res
2147 714 2409 773 obscura

344 808 405 858 ct
433 801 627 857 latens
659 797 1036 865 illustratur,
1066 806 1159 869 ut,
1205 813 1393 870 quum
1424 796 1484 855 C.
1515 795 1792 855 Fabricio
1824 795 1886 853 P.
1920 796 2266 868 CorneliuS,
2303 797 2409 855 ho÷

348 898 443 940 mo
463 928 477 955 ,
523 890 587 952 ut
617 879 1105 949 existimabatur,
1147 896 1371 938 avarus
1402 890 1463 938 ct
1492 880 1700 952 furax,
1731 878 1845 938 sed
1874 895 2119 952 egregie
2151 878 2322 939 fortis
2353 891 2412 940 et

345 967 545 1025 bonus
574 963 921 1037 imperator,
949 962 1175 1035 gratias
1206 973 1431 1037 ageret,
1467 964 1636 1036 quod
1660 980 1730 1024 se
1752 962 1934 1022 homo
1960 962 2240 1021 inimicus
2266 978 2411 1022 con·

346 1051 539 1108 sulem
569 1046 836 1117 fecisset,
869 1047 1029 1105 bello
1064 1046 1425 1119 praesertim
1449 1063 1670 1120 magno
1694 1057 1755 1105 et
1776 1045 1978 1119 gravi:
2022 1044 2228 1104 Nihil
2260 1062 2297 1105 e
2314 1056 2410 1119 st,

347 1132 552 1206 quod
593 1129 773 1189 mihi
814 1128 1115 1203 gratias
1156 1146 1377 1204 agaS,
1409 1128 1634 1203 inquit,
1667 1130 1730 1188 si
1771 1127 2004 1188 malui
2037 1128 2412 1202 compila-

347 1214 410 1275 ri
442 1231 660 1287 quam
695 1212 991 1273 venire:
1023 1221 1090 1272 ut
1117 1214 1330 1273 Asello
1361 1213 1686 1272 Africanus
1718 1210 2024 1272 obiicienti
2056 1214 2311 1271 lustrum
2343 1211 2407 1270 il-

347 1300 450 1359 lud
488 1297 729 1369 infelix,
773 1294 976 1369 Noli,
1020 1294 1245 1371 inquit,
1291 1296 1588 1367 mirari;
1635 1293 1699 1354 is
1744 1293 1972 1368 enim,
2019 1295 2150 1369 qui
2206 1305 2277 1355 te
2323 1312 2409 1356 ex

344 1379 683 1440 aerariis
729 1381 1041 1450 exemit,
1071 1381 1396 1440 lustrum
1430 1377 1785 1441 condidit
1826 1388 1900 1438 et
1942 1388 2239 1438 taurum
2281 1380 2417 1438 im-
2502 1390 2507 1403 ¹

346 1481 456 1523 mo
474 1467 490 1521 l
508 1480 544 1521 a
562 1463 685 1522 vit.
740 1463 931 1520 Tanta
961 1462 1234 1536 suspicio
1265 1474 1379 1536 est,
1411 1473 1474 1522 ut
1500 1462 1796 1536 religione
1824 1461 2126 1522 civitatem
2151 1461 2415 1522 obstrin-

347 1547 517 1606 xisse
547 1545 829 1605 videatur
857 1544 1212 1617 MummiuS,
1247 1546 1415 1619 quod
1444 1547 1719 1605 Asellum
1749 1544 2080 1619 ignominia
2109 1544 2346 1606 levarit.

513 1629 748 1688 LXVII.
789 1627 931 1688 269.
975 1628 1222 1688 Urbana
1265 1629 1447 1688 etiam
1477 1628 1879 1688 dissimulatio
1910 1639 2033 1702 est,
2079 1647 2267 1703 quum
2297 1629 2416 1690 alia

347 1714 630 1775 dicuntur
658 1729 732 1772 ac
763 1710 1011 1782 sentias,
1057 1729 1178 1772 non
1208 1711 1311 1772 illo
1344 1728 1586 1787 genere,
1618 1714 1696 1772 de
1728 1729 1849 1787 quo
1880 1722 2020 1772 ante
2048 1712 2194 1783 dixi,
2229 1731 2415 1788 quum

349 1797 653 1858 contraria
702 1795 904 1868 dicaS,
955 1805 1015 1855 ut
1054 1796 1298 1855 Lamiae
1332 1795 1620 1868 CrassuS,
1672 1797 1785 1855 sed
1816 1813 2000 1870 quum
2028 1805 2156 1856 toto
2187 1813 2415 1871 genere

348 1880 640 1942 orationis
685 1897 905 1940 severe
948 1881 1155 1952 ludaS,
1202 1897 1389 1953 quum
1431 1879 1604 1939 aliter
1649 1878 1880 1939 sentias
1917 1896 1990 1939 ac
2018 1880 2305 1954 loquare3
2355 1891 2419 1941 ut

343 1976 558 2027 *noster
587 1967 891 2026 Scaevola
922 1964 1342 2039 Septumuleio
1374 1964 1457 2024 illi
1487 1962 1810 2038 Anagnino
1830 2010 1843 2036 ,
1874 1962 1971 2023 cui
2002 1981 2114 2039 pro
2140 1965 2202 2024 C.
2230 1965 2415 2024 Grac-

350 2049 447 2109 chi
491 2049 690 2124 capite
733 2059 865 2109 erat
905 2065 1117 2108 aurum
1156 2065 1521 2122 repensum,
1566 2046 1834 2121 roganti,
1880 2058 1945 2107 ut
1989 2065 2058 2107 se
2101 2048 2161 2106 in
2200 2047 2412 2108 Asian⁸

350 2135 723 2207 praefectum
781 2134 1061 2192 duceret:
1147 2130 1338 2204 Quid
1393 2129 1537 2191 tibi
1593 2129 1740 2202 vis,
1813 2130 2036 2206 inquit,
2094 2131 2418 2191 insane?

347 2217 582 2276 Tanta
623 2218 993 2274 malorum
1027 2228 1151 2273 est
1193 2213 1608 2275 multitudo
1640 2213 1951 2286 civium,
1983 2224 2060 2275 ut
2100 2212 2243 2273 tibi
2272 2232 2416 2290 ego

350 2300 492 2358 hoc
544 2296 1024 2370 confirmem,
1085 2297 1150 2356 si
1210 2299 1490 2358 Romae
1540 2296 1952 2369 manseriS,
2012 2307 2082 2358 te
2138 2298 2417 2372 paucis

350 2380 576 2440 annis
621 2381 713 2439 ad
756 2380 1125 2439 maximas
1164 2380 1545 2455 pecunias
1583 2397 1757 2441 esse
1788 2391 2211 2441 venturum.
2271 2379 2417 2443 270.

351 2465 414 2522 ln
446 2464 565 2522 hoc
596 2479 819 2537 genere
842 2462 1107 2523 Fannius
1140 2463 1199 2523 in
1226 2464 1549 2524 annalibus
1576 2466 1705 2524 suis
1730 2463 2089 2524 Africanum
2105 2464 2269 2525 hunc
2294 2470 2418 2525 Ae-

352 2545 658 2606 milianum
689 2545 836 2606 dicit
866 2545 1059 2606 fuisse
1095 2558 1155 2607 et
1181 2565 1323 2608 eum
1354 2548 1588 2608 Graeco
1618 2547 1806 2607 verbo
1837 2552 2108 2623 appellat
2138 2552 2418 2627 εἰρωνα;

351 2632 494 2701 sed,
528 2629 614 2691 uti
645 2630 874 2700 ferunt,
911 2629 1013 2704 qui
1045 2631 1260 2691 melius
1290 2632 1446 2692 haec
1476 2641 1728 2704 norunt,
1760 2631 2072 2692 Socratem
2102 2631 2328 2706 opinor
2359 2631 2419 2690 in

352 2716 466 2774 hac
497 2713 693 2775 ironia
722 2713 1288 2789 dissimulantiaque
1310 2717 1493 2791 longe
1516 2717 1727 2790 lepore
1748 2725 1808 2775 et
1828 2714 2201 2775 humanitate
2226 2715 2421 2775 omni·
2507 2712 2517 2721 '

350 2800 467 2860 bus
498 2797 900 2874 praestitisse.
962 2796 1168 2858 Genus
1200 2806 1295 2858 est
1326 2801 1688 2873 perelegans
1719 2808 1780 2858 et
1810 2816 1945 2858 cum
1976 2798 2275 2874 gravitate
2302 2801 2424 2857 sal-

349 2879 487 2942 'sum
525 2898 837 2956 quumque
868 2881 1149 2940 oratoriis
1181 2881 1551 2943 dictionibus
1583 2894 1705 2942 tum
1735 2881 1986 2942 urbanis
2029 2881 2424 2942 sermonibus

355 2965 897 3043 accommodatum.
968 2961 1109 3025 271.
1155 2967 1229 3024 Et
1272 2966 1520 3025 hercule
1563 2964 1766 3026 omnia
1809 2965 1993 3040 haec,
2038 2983 2199 3040 quae
2242 2983 2279 3025 a
2326 2982 2426 3025 me

352 3051 429 3107 de
459 3046 691 3108 facetiis
718 3047 1123 3122 disputantur,
1145 3066 1266 3109 non
1288 3047 1521 3109 maiora
1545 3048 1879 3109 forensium
1902 3048 2209 3109 actionum
2238 3066 2425 3124 quam

353 3132 624 3191 omnium
653 3148 1007 3191 sermonum
1037 3131 1425 3192 condimenta
1455 3142 1614 3192 sunt.
1687 3133 1838 3192 Nam
1868 3132 2026 3193 sicut
2056 3134 2227 3207 quod
2256 3133 2426 3207 apud

355 3215 646 3275 Catonem
689 3226 812 3282 est,
858 3214 962 3287 qui
1002 3216 1189 3275 multa
1233 3215 1486 3286 rettulit,
1535 3233 1616 3276 ex
1663 3214 1885 3291 quibus
1930 3234 1968 3275 a
2011 3233 2109 3276 me
2151 3212 2426 3291 exempli

349 3320 538 3362 causa
560 3306 982 3375 compluscula
1005 3312 1336 3376 ponuntur,
1372 3318 1485 3376 per
1507 3301 1649 3360 mihi
1671 3301 1889 3360 scitum
1915 3298 2174 3367 videtur,
2214 3298 2274 3356 C.
2308 3298 2426 3355 Pu·

350 3384 595 3443 blicium
620 3384 865 3443 solitum
891 3384 1115 3455 dicere,
1133 3385 1632 3446 P.Mummium
1663 3382 1913 3444 cuivis
1943 3394 2191 3454 tempo
2209 3377 2272 3439 ri
2297 3380 2390 3439 ho
2408 3411 2427 3420 ·

351 3461 493 3522 min
515 3482 621 3523 em
665 3483 745 3524 es
764 3487 792 3525 s
810 3485 874 3525 e:
919 3467 1009 3527 sic
1035 3470 1315 3538 profecto
1348 3487 1418 3528 se
1454 3485 1552 3527 res
1577 3469 1778 3530 habet.
1802 3469 2034 3526 nullum
2059 3472 2125 3524 ut
2150 3463 2228 3522 sit
2260 3463 2427 3523 vitae
