2622 3908
721 186 866 264 ΜΒ.
893 205 936 262 1.
981 179 1434 266 CAP.59--61.
1478 210 1528 270 §.
1551 215 1649 266 251
1665 213 1883 266 —259.
2252 200 2329 267 57

270 366 378 418 aut
406 354 672 416 clamore
700 355 1155 417 contenderent.
1232 355 1466 430 Quodsi
1505 353 1624 415 iam
1665 355 1784 416 hoc
1815 355 2016 416 facere
2048 373 2168 416 non
2200 365 2335 432 pot-

270 437 396 500 eris
427 445 530 498 aut
553 440 746 513 noles,
774 438 1005 499 vereris
1037 455 1114 498 ne
1145 446 1246 500 tua
1276 439 1496 501 domus
1526 438 1661 499 talis
1691 446 1752 498 et
1781 437 1895 498 viri
1924 447 1986 499 et
2014 438 2187 514 civiS,
2218 438 2272 501 si
2299 457 2335 500 a

271 519 555 596 litigiosis
584 521 931 583 hominibus
963 538 1085 583 non
1117 524 1379 595 colatur,
1411 539 1450 581 a
1478 521 1734 595 caeteris
1766 523 2124 583 deseratur?
2149 521 2330 599 Equi-

271 606 414 665 dem
443 612 670 665 tantum
698 607 916 667 absum
945 606 1021 665 ab
1064 605 1181 666 ista
1223 603 1555 678 sententia,
1595 612 1661 664 ut
1700 622 1823 665 non
1859 608 2043 667 modo
2086 623 2208 668 non
2239 623 2331 667 ar-

271 687 459 747 bitrer
487 687 829 750 subsidium
860 688 1191 749 senectutis
1220 689 1280 749 in
1315 705 1542 758 eorum,
1577 685 1679 763 qui
1702 691 2044 749 consultum
2067 690 2333 764 veniant,

276 770 651 831 multitudine
681 789 823 833 esse
854 773 1236 848 ponendum,
1282 773 1395 834 sed
1438 780 1745 846 tamquam
1787 780 2029 846 portum
2069 772 2334 849 aliquem

272 861 628 929 exspectem
669 854 876 929 istam,
922 873 1103 931 quam
1147 865 1209 917 tu
1239 855 1447 930 timeS,
1487 852 1895 916 solitudinem.
1983 854 2333 916 Subsidium

271 937 434 998 enim
461 936 859 999 bellissimum
889 938 1169 1001 existimo
1201 955 1344 999 esse
1374 937 1673 1000 senectuti
1704 937 1913 998 otium.

438 1017 580 1082 256.
627 1021 890 1097 Reliqua
920 1039 1065 1082 vero
1095 1021 1333 1082 etiamsi
1374 1022 1695 1094 adiuvant,
1736 1020 2050 1083 historiam
2095 1019 2234 1082 dico
2276 1031 2336 1083 et

269 1103 656 1180 prudentiam
684 1104 832 1165 iuris
874 1103 1101 1181 publici
1142 1113 1204 1166 et
1243 1104 1620 1180 antiquitatis
1660 1103 1774 1165 iter
1813 1113 1874 1166 et
1914 1107 2336 1180 exemplorum

270 1186 546 1263 copiam,
577 1187 632 1248 si
662 1190 907 1264 quando
939 1204 1098 1262 opus
1127 1187 1265 1260 erit,
1295 1206 1335 1248 a
1364 1190 1492 1248 viro
1525 1187 1751 1262 optimo
1782 1195 1842 1248 et
1868 1187 2001 1249 istis
2031 1190 2217 1249 rebus
2245 1189 2331 1249 in-

273 1270 716 1347 structissimo,
748 1270 1024 1331 familiari
1073 1287 1269 1343 meo,
1303 1274 1514 1348 Congo
1569 1272 1909 1332 mutuabor.
1996 1272 2210 1346 Neque
2241 1290 2334 1333 re·-

270 1355 594 1431 pugnabo,
633 1372 755 1430 quo
785 1354 1018 1428 minuS,
1061 1355 1124 1415 id
1155 1356 1323 1431 quod
1353 1356 1535 1416 modo
1565 1354 1841 1416 hortatus
1872 1371 1971 1428 eS,
2016 1354 2218 1417 omnia
2251 1358 2334 1415 le·

270 1445 446 1514 gant,
479 1437 683 1499 omnia
703 1440 982 1514 audiant,
1011 1438 1074 1498 in
1104 1437 1267 1499 omni
1293 1448 1464 1500 recto
1507 1437 1710 1500 studio
1752 1447 1938 1514 atque
1966 1437 2336 1502 humanitate

274 1528 625 1592 versentur3
658 1524 769 1582 sed
797 1522 1145 1583 mehercule
1174 1539 1296 1582 non
1325 1524 1409 1584 ita
1436 1525 1687 1584 multum
1716 1521 1896 1598 spatii
1925 1523 2069 1582 mihi
2110 1523 2336 1584 habere

271 1603 580 1679 videntur,
612 1604 664 1666 si
694 1607 878 1667 modo
911 1622 986 1666 ea
1015 1607 1216 1666 facere
1259 1615 1321 1667 et
1360 1605 1653 1682 persequi
1695 1607 1930 1680 volent,
1974 1623 2133 1681 quae
2177 1624 2214 1666 a
2256 1615 2333 1679 te,

271 1688 524 1761 Crasse,
555 1697 889 1764 praecepta
923 1696 1093 1761 sunt,
1127 1690 1228 1765 qui
1258 1689 1403 1749 mihi
1438 1707 1635 1765 prope
1675 1687 1795 1749 iam
1823 1688 2001 1749 nimis
2034 1690 2220 1750 duras
2251 1692 2335 1749 le-

270 1788 385 1847 ges
415 1769 730 1846 imponere
756 1771 930 1833 visus
961 1789 1030 1833 es
1060 1772 1202 1833 huic
1225 1772 1426 1844 aetati,
1454 1774 1566 1832 sed
1589 1779 1788 1832 tamen
1818 1773 1897 1831 ad
1927 1771 2006 1845 id,
2040 1772 2207 1848 quod
2232 1788 2336 1832 cu-

271 1853 475 1930 piunt,
503 1854 968 1930 adipiscendum
1001 1872 1199 1931 prope
1229 1856 1631 1915 necessarias.
1717 1853 1860 1916 257.
1902 1856 2051 1914 Nam
2091 1863 2152 1916 et
2193 1857 2331 1915 sub·

270 1938 395 1999 itae
424 1938 503 1998 ad
535 1939 886 2015 propositas
918 1957 1138 2000 causas
1169 1937 1637 2000 exercitationes
1668 1946 1728 1999 et
1755 1946 2077 1998 accuratae
2110 1953 2183 1998 ac
2212 1956 2337 1999 me·

271 2021 498 2083 ditatae
529 2023 1069 2085 commentationes
1101 2038 1173 2082 ac
1209 2021 1386 2083 stilus
1414 2021 1513 2081 ille
1546 2030 1715 2095 tuuS,
1758 2037 1939 2096 quem
1979 2028 2043 2081 tu
2075 2038 2217 2082 vere
2248 2021 2335 2081 di-

271 2104 418 2165 xisti
448 2107 853 2181 perfectorem
884 2105 1128 2167 dicendi
1157 2123 1299 2166 esse
1339 2121 1412 2165 ac
1453 2103 1835 2180 magistrum,
1878 2104 2044 2165 multi
2089 2105 2336 2166 sudoris

272 2195 398 2258 est3
451 2195 512 2249 et
551 2190 650 2250 illa
680 2189 972 2251 orationis
1006 2207 1155 2251 suae
1185 2207 1322 2251 cum
1351 2187 1595 2264 scriptis
1624 2187 1839 2249 alienis
1871 2189 2244 2264 comparatio
2278 2196 2340 2250 et

274 2273 353 2332 de
376 2269 575 2332 alieno
601 2272 829 2349 scripto
855 2273 1055 2336 subita
1077 2276 1174 2334 vel
1198 2272 1487 2334 laudandi
1514 2275 1607 2333 vel
1635 2271 2019 2349 vituperandi
2054 2275 2149 2333 vel
2173 2289 2336 2334 com-

275 2355 575 2431 probandi
603 2358 701 2417 vel
728 2357 1045 2417 refellendi
1076 2375 1264 2418 causa
1293 2355 1623 2432 disputatio
1664 2373 1786 2418 non
1828 2355 2155 2418 mediocris
2192 2373 2337 2418 con-

275 2437 563 2500 tentionis
592 2448 687 2500 est
713 2441 811 2501 vel
842 2441 921 2500 ad
952 2439 1302 2501 memoriam
1336 2442 1431 2499 vel
1463 2440 1542 2499 ad
1570 2438 1942 2501 imitandum.
2011 2442 2158 2502 LXI.
2193 2439 2338 2503 258.

273 2521 432 2582 Illud
460 2527 608 2582 vero
642 2523 750 2584 fuit
776 2523 1095 2597 horribile,
1128 2524 1295 2598 quod
1326 2522 1670 2583 mehercule
1701 2541 1918 2585 vereor
1940 2541 2017 2584 ne
2047 2522 2338 2585 maiorem

276 2603 398 2664 vim
439 2606 518 2666 ad
553 2606 981 2667 deterrendum
1009 2604 1288 2666 habuerit
1331 2622 1511 2681 quam
1563 2607 1641 2665 ad
1684 2607 2144 2669 cohortandum.
2211 2610 2338 2668 Vo-

273 2686 438 2749 luisti
490 2689 651 2750 enim
699 2687 760 2749 in
810 2706 924 2751 suo
977 2705 1201 2765 genere
1249 2706 1437 2749 unum
1488 2705 1794 2763 quemque
1844 2698 2118 2750 nostrum
2163 2690 2338 2765 quasi

218 2787 227 2794 ·
278 2772 604 2847 quemdam
634 2790 777 2834 esse
803 2773 1129 2843 Roscium3
1160 2771 1492 2847 dixistique
1522 2787 1643 2832 non
1675 2781 1794 2832 tam
1838 2790 1943 2845 ea,
1986 2789 2145 2847 quae
2174 2781 2341 2833 recta

276 2863 522 2929 essent,
552 2856 830 2931 probari,
877 2874 1059 2931 quam
1092 2873 1250 2930 quae
1291 2873 1513 2931 prava,
1559 2855 1819 2916 fastidiis
1861 2856 2338 2927 adhaerescere3

277 2941 448 3014 quod
480 2955 594 3014 ego
632 2957 755 3000 non
786 2947 906 3001 tam
938 2939 1256 3000 fastidiose
1287 2939 1347 2998 in
1392 2937 1569 2999 nobis
1622 2956 1804 3015 quam
1844 2938 1904 3000 in
1941 2938 2341 3002 histrionibus

277 3022 541 3097 spectari
587 3030 753 3097 puto.
840 3022 981 3084 259.
1025 3025 1240 3097 ltaque
1284 3040 1400 3083 nos
1443 3040 1667 3084 raucos
1711 3040 1902 3099 saepe
1941 3022 2342 3085 attentissime

274 3104 475 3165 audiri
504 3105 721 3178 video;
753 3114 918 3167 tenet
945 3104 1104 3167 enim
1135 3123 1236 3166 res
1268 3106 1406 3182 ipsa
1435 3115 1620 3181 atque
1651 3123 1869 3168 causa:
1913 3115 1976 3167 at
2001 3108 2342 3181 Aesopum»

277 3187 331 3248 si
361 3190 632 3263 paullum
660 3187 999 3262 irrauserit,
1036 3187 1306 3264 explodi.
1390 3191 1448 3249 A
1478 3190 1699 3265 quibus
1734 3189 1895 3250 enim
1927 3189 2074 3249 nihil
2105 3197 2335 3265 praete1

277 3273 654 3347 voluptatem
684 3271 917 3333 aurium
945 3271 1280 3348 quaeritur,
1324 3272 1385 3333 in
1429 3272 1505 3334 iis
1550 3272 1906 3346 offenditur,
1952 3270 2129 3333 simul
2159 3278 2344 3346 atque

279 3353 652 3416 Mminuitur
680 3354 913 3431 aliquid
954 3357 1030 3416 de
1072 3357 1419 3432 voluptate:
1465 3356 1525 3417 in
1568 3354 1881 3432 eloquenti
1922 3363 2123 3416 autem
2159 3364 2345 3419 multa

279 3449 424 3499 sunt
455 3456 613 3513 quae
648 3446 922 3508 teneant,
954 3456 1112 3515 quae
1148 3438 1199 3500 si
1245 3439 1449 3502 omnia
1478 3457 1715 3501 summa
1743 3457 1864 3500 non
1897 3449 2038 3501 sunt
2066 3448 2126 3502 et
2149 3442 2345 3510 plera-
