2622 3908
692 264 815 323 LlB
866 265 939 321 11.
982 264 1147 323 CAP.
1176 271 1420 325 88—90.
1467 268 1517 325 5.
1547 271 1878 325 358—366.
2194 263 2313 326 143

237 432 312 476 eo
350 413 550 475 minus
586 416 999 488 eloquentiam
1034 421 1196 473 tuam
1234 423 1294 474 et
1330 417 1514 476 multo
1549 414 1742 489 magis
1779 416 2058 475 virtutem
2089 428 2148 477 et
2182 415 2312 476 dili.

235 497 502 574 gentiam
546 496 815 558 admiror
858 505 918 556 et
957 495 1132 557 simul
1174 499 1417 572 gaudeo
1457 497 1747 557 iudicium
1782 497 1966 558 animi
1998 497 2115 558 mei
2147 516 2308 560 com-

238 582 514 657 probari,
567 582 734 656 quod
765 597 1010 656 semper
1040 580 1219 641 statui
1253 580 1556 642 neminem
1599 581 1934 656 sapientiae
1977 583 2217 643 laudem
2253 593 2313 644 et

234 665 626 739 eloquentiae
658 662 793 724 sine
818 681 1056 724 summo
1082 663 1284 725 studio
1310 673 1371 725 et
1393 666 1603 724 labore
1628 674 1688 725 et
1710 664 1986 725 doctrina
2010 665 2311 741 consequi

239 764 451 824 posse.
517 746 643 808 Sed
670 757 872 808 tamen
903 747 1193 823 quidnam
1225 758 1321 809 est
1349 747 1439 821 id,
1480 749 1648 822 quod
1677 747 1881 808 dixisti
1913 750 2074 822 fore,
2108 759 2175 810 ut
2205 749 2310 811 tibi

237 832 735 906 ignosceremuS‚
779 830 831 890 si
862 848 1340 905 cognossemuS,
1373 848 1532 906 quae
1564 840 1621 892 te
1652 847 1842 892 causa
1870 830 1931 891 in
1965 849 2307 893 sermonem

237 912 633 990 impulisset?
705 913 872 987 Quae
915 923 1010 975 est
1052 913 1210 975 enim
1256 915 1375 975 alia
1419 932 1638 988 causa,
1687 914 1804 975 nisi
1839 916 2005 989 quod
2037 914 2214 975 nobis
2251 925 2312 975 et

238 998 454 1058 horum
498 997 985 1058 adolescentium
1031 998 1266 1070 studio,
1311 998 1416 1074 qui
1450 1008 1506 1059 te
1535 998 1935 1059 attentissime
1966 998 2307 1070 audierunt,

237 1098 469 1142 morem
515 1097 731 1156 gerere
773 1080 1066 1143 voluisti?
1146 1080 1288 1143 364.
1335 1085 1486 1142 Tum
1528 1083 1651 1143 ille:
1715 1081 2032 1152 Adimere,
2094 1080 2306 1157 inquit,
2377 1134 2395 1146 .

238 1182 480 1226 omnem
510 1163 961 1226 recusationem
984 1165 1205 1225 Crasso
1229 1167 1397 1226 volui
1413 1212 1427 1237 ,
1462 1181 1642 1240 quem
1668 1182 1783 1239 ego
1809 1167 2014 1241 paullo
2040 1164 2307 1225 sciebam

236 1251 334 1309 vel
373 1247 703 1324 pudentius
737 1250 833 1306 vel
861 1247 1112 1309 invitius
1140 1284 1226 1293 ——
1255 1251 1397 1310 nolo
1431 1249 1589 1308 enim
1622 1247 1828 1308 dicere
1864 1250 1942 1308 de
1976 1257 2095 1309 tam
2132 1246 2306 1309 suavi

236 1331 483 1392 homine
542 1330 922 1393 fastidiosius
964 1365 1050 1375 —
1092 1333 1171 1391 ad
1221 1333 1339 1393 hoc
1385 1349 1580 1407 genus
1630 1331 1932 1392 sermonis
1988 1334 2306 1392 accedere.

238 1415 395 1490 Quid
438 1413 598 1476 enim
639 1414 864 1490 poterit
891 1415 1143 1475 dicere?
1214 1416 1611 1476 Consularem
1642 1431 1711 1476 se
1741 1432 1882 1476 esse
1914 1415 2218 1476 hominem
2250 1428 2312 1479 et

237 1499 628 1560 censorium?
694 1499 927 1559 Eadem
960 1508 1170 1559 nostra
1205 1517 1395 1561 causa
1430 1508 1543 1560 est.
1615 1501 1712 1559 An
1745 1508 2003 1560 aetatem
2034 1501 2310 1561 adferet?

238 1582 649 1657 Quadriennio
680 1581 881 1642 minor
907 1592 1019 1644 est.
1062 1585 1160 1643 An
1192 1601 1261 1644 se
1291 1585 1443 1644 haec
1476 1582 1759 1644 nescire?
1804 1584 1972 1658 Quae
1996 1600 2113 1659 ego
2146 1601 2299 1657 sero,

237 1685 399 1742 quae
431 1665 655 1728 cursim
685 1665 956 1740 adripui,
997 1683 1156 1742 quae
1188 1667 1519 1728 subsicivis
1551 1667 1776 1743 operis,
1813 1676 1879 1728 ut
1906 1666 2091 1740 aiunt,
2125 1666 2241 1728 iste
2271 1684 2303 1727 a

238 1767 463 1827 puero,
513 1766 749 1811 summo
782 1749 1015 1823 studim
1065 1753 1318 1811 summis
1356 1750 1732 1812 doctoribus.
1803 1750 1960 1809 Nihil
1997 1749 2196 1809 dicam
2231 1751 2308 1809 de

236 1833 500 1909 ingenio,
534 1833 631 1894 cui
655 1850 769 1909 par
793 1850 972 1894 nemo
999 1833 1126 1894 fuit.
1173 1833 1409 1894 Etenim
1432 1850 1529 1893 me
1558 1832 1860 1893 dicentem
1896 1831 2002 1906 qui
2055 1834 2312 1906 audiret,

235 1934 415 1980 nemo
446 1934 734 1994 umquam
766 1926 887 1979 tam
918 1917 1013 1979 sui
1045 1916 1398 1993 despiciens
1431 1915 1540 1977 suit
1570 1916 1711 1991 quin
1745 1923 2023 1991 speraret
2051 1923 2156 1975 aut
2183 1931 2307 1976 me-

235 2002 355 2063 lius
385 2010 490 2063 aut
520 2004 738 2063 eodem
770 2003 954 2063 modo
987 2019 1056 2062 sc
1087 2019 1278 2076 posse
1309 2001 1545 2061 dicere=
1602 2001 1822 2060 Crasso
1855 1999 2096 2060 dicente
2128 2015 2305 2061 nemo

236 2095 357 2148 tam
398 2088 703 2161 adrogans
750 2086 856 2161 qui
885 2084 1158 2146 similiter
1187 2102 1257 2145 se
1291 2101 1580 2159 umquam
1613 2082 1913 2144 dicturum
1944 2099 2087 2143 esse
2118 2083 2307 2143 confi-

235 2171 425 2230 deret.
496 2170 900 2244 Quamobrem
944 2186 1021 2228 ne
1068 2171 1288 2229 frustra
1332 2168 1391 2228 hi
1437 2170 1588 2229 tales
1618 2166 1733 2227 viri
1767 2167 2072 2240 venerint,
2114 2174 2172 2227 te
2201 2164 2307 2226 ali·

233 2255 513 2332 quando,
554 2253 806 2325 Crasse,
842 2252 1180 2314 audiamus.

400 2337 518 2396 XC.
565 2334 705 2398 365.
751 2339 900 2396 Tum
941 2338 1071 2397 ille:
1118 2338 1198 2397 Ut
1237 2335 1320 2396 ita
1361 2336 1480 2397 ista
1515 2352 1658 2397 esse
1690 2336 2055 2405 concedam,
2092 2332 2308 2410 inquit,

238 2419 491 2493 Antoni,
536 2437 698 2495 quae
748 2427 892 2480 sunt
940 2421 1126 2494 longe
1181 2434 1398 2490 seem,
1461 2418 1608 2494 quid
1645 2418 1788 2478 mihi
1822 2419 2070 2479 tandem
2121 2417 2308 2479 hodie

233 2512 338 2565 aut
368 2503 652 2578 cuiquam
677 2503 905 2565 homini
937 2505 1106 2580 quod
1136 2502 1256 2563 dici
1289 2501 1489 2577 possit
1518 2502 1862 2578 reliquisti?
1905 2503 2115 2563 Dicam
2148 2502 2307 2562 enim

235 2606 411 2662 vere,
455 2587 810 2648 amicissimi
845 2586 1156 2660 homineS,
1193 2587 1371 2683 ‘quod
1415 2585 1643 2646 sentio:
1689 2603 1882 2661 saepe
1927 2603 2042 2661 ego
2087 2587 2307 2647 doctos

233 2671 532 2745 homines,
565 2671 713 2746 quid
744 2672 884 2733 dico
916 2678 1150 2747 saepe?
1191 2669 1374 2730 immo
1406 2685 1896 2742 nonnumquam,
1934 2684 2125 2743 saepe
2147 2668 2307 2728 enim

236 2754 340 2832 qui
377 2754 578 2831 potui,
624 2754 728 2831 qui
769 2772 922 2832 puer
959 2753 1021 2815 in
1067 2756 1263 2815 forum
1309 2751 1579 2812 venerim
1610 2768 1814 2826 neque
1842 2750 1987 2811 inde
2017 2767 2306 2825 umquam

233 2839 461 2901 diutius
493 2856 677 2915 quam
709 2846 1001 2915 quaestor
1030 2838 1371 2900 abfuerim?
1416 2836 1542 2897 Sed
1574 2845 1771 2896 tamen
1803 2833 2044 2908 audivi,
2080 2842 2147 2893 ut
2176 2831 2307 2894 heri

232 2922 541 2998 dicebam,
566 2932 626 2984 et
647 2923 905 2984 Athenis
928 2941 1116 2998 quum
1141 2939 1364 2994 essem,
1389 2918 1782 2982 doctissimos
1809 2918 1975 2979 viros
1999 2917 2142 2979 etin
2157 2915 2307 2977 Asia

232 3005 415 3068 istum
445 3006 647 3083 ipsum
673 3007 996 3083 Scepsium
1017 3007 1451 3102 Metrodorum,
1485 3021 1672 3079 quum
1703 3006 1780 3064 de
1810 3003 1907 3064 his
1937 3001 2091 3078 ipsis
2120 3003 2307 3062 rebus

231 3089 592 3167 disputaret.
663 3092 877 3167 Neque
919 3107 1065 3150 vero
1111 3089 1254 3150 mihi
1288 3088 1615 3164 quisquam
1656 3087 1975 3164 copiosius
2017 3101 2304 3159 umquam

215 3173 405 3254 ‘visus
450 3183 547 3237 est
587 3192 790 3251 neque
833 3173 1116 3235 subtilius
1160 3175 1218 3233 in
1263 3172 1382 3234 hoc
1427 3188 1653 3247 genere
1698 3171 1941 3231 dicendi
1975 3184 2158 3244 quam
2190 3165 2307 3227 iste

230 3257 417 3319 hodie
447 3275 592 3320 esse
625 3267 925 3320 versatus.
971 3258 1147 3332 Quod
1181 3256 1234 3317 si
1265 3265 1434 3317 esset
1462 3255 1635 3317 aliter
1666 3263 1727 3316 et
1754 3252 1986 3328 aliquid
2010 3249 2305 3324 intellige-

229 3359 360 3403 rem
388 3344 466 3402 ab
495 3341 765 3403 Antonio
799 3340 1329 3418 praetermissum,
1362 3357 1484 3400 non
1517 3355 1722 3401 essem
1743 3346 1865 3399 tam
1887 3335 2224 3395 inurbanus
2248 3341 2308 3394 et

228 3443 430 3502 paene
458 3425 859 3500 inhumanuS,
891 3425 977 3488 uti
1008 3426 1066 3485 in
1098 3441 1173 3486 eo
1205 3439 1524 3500 gravarer,
1557 3421 1727 3518 quod
1760 3437 1871 3481 vos
1905 3435 2136 3494 cupere
2166 3434 2304 3478 sen-

230 3508 424 3570 tirem.
460 3508 604 3572 366.
627 3510 775 3571 Tum
795 3508 1135 3585 Sulpicius·
1158 3509 1254 3568 An
1269 3523 1439 3581 ergo,
1465 3504 1677 3581 inquit,
1705 3501 1931 3564 oblitus
1945 3520 2035 3574 es,
2062 3502 2302 3565 crasse.
